3700 5625
711 744 800 805 liber
819 746 943 809 XXXI.

729 977 937 1061 ὮεᾶἏ.
1421 991 1481 1061 ml

349 1133 420 1186 nec
445 1105 606 1184 levitatis
642 1106 679 1181 in
705 1102 831 1204 pluvia
863 1128 958 1205 aqua
993 1112 1248 1203 argumentum
1270 1111 1348 1181 est.
1366 1162 1400 1182 ..

351 1240 491 1342 quo.lit
518 1248 556 1315 ut
594 1261 712 1337 aquae
739 1236 888 1337 pluviae
919 1204 1081 1314 sordium
1114 1236 1309 1336 plurimum
1346 1239 1401 1314 in-

350 1398 436 1452 esse
471 1373 649 1450 sentiatur
691 1370 940 1469 citissimeque
980 1371 1066 1448 ideo
1108 1369 1252 1446 calefiat
1293 1376 1401 1470 taqua

336 1507 487 1609 pluvial.

376 1638 547 1703 Brevitatis
580 1636 833 1700 studiosissimus
854 1634 978 1698 Plinius
1016 1633 1127 1697 eadem
1162 1634 1319 1702 vocabula
1353 1643 1401 1701 ter

292 1763 439 1843 repetere
461 1777 525 1820 non
553 1756 673 1841 potuit,
709 1755 818 1838 itaque
839 1772 922 1839 quae
950 1751 1044 1815 facile
1061 1760 1083 1815 'e
1105 1754 1257 1837 proximis
1284 1754 1400 1819 intelli·

291 1882 410 1960 guntur
435 1880 599 1965 postrema
628 1871 827 1938 vocabulas
853 1869 982 1934 librario
1016 1886 1079 1931 non
1113 1867 1260 1951 imperito
1289 1863 1400 1936 addita

290 2012 362 2059 esse
386 1990 545 2091 utentur,

737 2120 955 2244 44:527.
1186 2130 1199 2140 ’
1409 2163 1480 2236 cer

337 2293 533 2391 Aquarum
571 2296 656 2367 sunt
688 2294 798 2365 notae
836 2288 968 2363 iuncus
994 2292 1054 2361 out
1085 2286 1287 2369 harundo.
1316 2349 1324 2367 .
1353 2348 1398 2367 ..

338 2424 445 2505 Salix
474 2424 570 2502 enim
596 2422 750 2499 erratica
786 2428 823 2496 et
854 2419 961 2496 alnus
1000 2428 1062 2497 aut
1087 2422 1190 2499 vitex
1231 2430 1306 2521 [aut
1332 2423 1398 2501 ha-

335 2556 504 2643 rundol.
532 2614 541 2634 .
569 2562 703 2657 sponte
728 2555 952 2654 proveniunt
979 2616 986 2631 .
1013 2612 1021 2628 .
1049 2557 1202 2654 augurio
1229 2554 1361 2634 fallaci.

369 2694 461 2757 Inter
493 2698 580 2754 certe
607 2708 710 2773 equae
741 2688 834 2771 signs
863 2693 895 2751 et
923 2685 1068 2769 fallacia,
1106 2708 1187 2772 quae
1211 2709 1230 2753 a
1251 2689 1396 2756 Vitruvio

288 2809 378 2876 VIII.
404 2811 432 2874 1.
455 2808 475 2876 3
497 2787 714 2888 cumulemur,
741 2805 862 2869 Plinius
885 2804 996 2869 sedulo
1024 2805 1183 2889 distinxit,
1206 2807 1313 2893 itaque
1338 2807 1398 2878 ha-

288 2927 460 2993 rundinem
482 2927 531 2991 bis
564 2942 817 2989 commemorare
838 2942 903 2984 non
931 2924 1044 3005 potuit.
1087 2923 1178 2998 Quae
1198 2925 1295 3010 igitur
1325 2934 1398 3012 post

289 3068 314 3111 v.
336 3053 421 3112 vitex
444 3044 527 3110 mule
543 3048 731 3128 repetuntur
746 3041 845 3104 verba
861 3051 914 3103 aut
924 3045 1067 3105 harundo
1080 3041 1247 3106 deleantur
1261 3052 1397 3129 oportet.

713 3206 976 3284 46=ibideru.
1417 3197 1480 3270 693

336 3344 424 3422 loco
450 3344 488 3419 in
515 3341 744 3419 altitudinem
771 3340 908 3441 pedum
930 3339 1091 3438 quinque
1117 3341 1268 3419 defosso
1296 3340 1398 3421 ollis-

338 3500 462 3582 que'e
489 3474 618 3574 figlino
661 3495 775 3573 opere
814 3473 938 3549 crudis
980 3482 1043 3550 aut
1081 3483 1258 3574 peruncta
1298 3475 1398 3576 pelvi

319 3587 451 3688 'aerea
475 3615 653 3708 cooperto
693 3605 918 3706 lucernaque
955 3607 1108 3684 ardente
1142 3617 1398 3687 concamarata

339 3741 555 3829 frondibuS,
585 3740 670 3816 dein
696 3746 793 3815 terra
820 3798 828 3816 .
855 3800 865 3821 .
893 3801 900 3814 .

371 3891 473 3973 Ollas,
495 3890 624 3975 pelvim,
645 3889 807 3953 lucernam
820 3890 853 3952 in
870 3888 1063 3954 eodemloco
1087 3888 1190 3972 condi,
1213 3892 1396 3957 tumlocum

288 4013 395 4096 ipsum
417 4007 584 4072 frondibus
607 4027 646 4072 sc
667 4014 753 4071 terra
775 4007 889 4092 operiri
921 4012 954 4070 et
973 4006 1096 4070 ratione
1119 4006 1342 4094 descriptionis
1366 4019 1398 4075 et

290 4127 431 4192 Vitruvii
451 4127 523 4190 loco
545 4124 634 4188 VIII.
657 4129 686 4191 1.
708 4126 729 4189 4
752 4124 896 4189 efficitur.
925 4123 1009 4188 Nom
1031 4124 1161 4210 scaphio
1182 4132 1237 4189 aut
1259 4127 1344 4212 pelvi
1365 4129 1398 4193 in

289 4247 360 4311 loco
384 4244 515 4309 defosso
531 4243 695 4307 collocatis
719 4244 864 4324 ,summa‘
886 4242 943 4322 ait,
957 4242 1082 4307 fossura
1097 4242 1259 4327 operiatur
1280 4243 1398 4310 harun-

290 4364 417 4428 dinibus
441 4371 497 4427 aut
517 4361 641 4442 fronde,
664 4380 761 4445 supra
782 4367 868 4425 terra
890 4359 1064 4426 obruatur‘.
1088 4360 1193 4435 Quum
1217 4362 1314 4447 igitur
1334 4383 1398 4428 uon

289 4482 360 4546 loeo
373 4487 526 4566 cooperto
540 4480 671 4542 lucerna
680 4477 845 4542 frondibus
862 4467 1080 4544 concamarari
1102 4479 1245 4564 putanda
1258 4481 1300 4544 sit
1310 4480 1397 4546 fron·

291 4598 395 4682 dibus,
418 4597 476 4663 sed
498 4598 603 4662 locum
620 4597 701 4679 ollis,
723 4596 817 4681 pelvi,
841 4597 971 4660 lucerna
985 4598 1216 4662 concamaratis
1231 4598 1397 4663 frondibus

290 4717 447 4803 cooperiri
469 4722 638 4801 appareat,
669 4715 800 4782 verbum
822 4727 965 4795 cooperto
993 4715 1026 4780 iu
1049 4716 1221 4802 archetypo
1245 4717 1284 4781 ab
1307 4717 1397 4782 initio

1141 4837 1182 4901 13
