3700 5625
497 739 560 809 206
916 742 1007 807 Liber
1022 744 1187 815 XXXIII.

497 941 652 1019 mutetur,
689 956 849 1003 exsensu
871 937 932 1005 107
952 936 1030 1005 mihi
1051 936 1179 1024 quidem
1201 936 1341 1035 uideturx
1357 938 1422 1023 legi
1441 958 1597 1018 papatuum.

495 1054 534 1119 Iu
555 1052 729 1138 archetypo
750 1057 834 1118 enim
854 1055 888 1121 in
898 1054 963 1121 fine
979 1074 1127 1121 versuum
1140 1074 1158 1121 e
1172 1056 1357 1121 membrosa
1370 1056 1597 1142 aliquantulum

496 1176 553 1235 aut
575 1169 716 1237 deletum
735 1176 791 1241 aut
812 1172 896 1237 mule
917 1178 1121 1257 compactum
1142 1172 1241 1237 fuisse
1255 1174 1434 1258 putandum
1457 1179 1516 1255 est,
1539 1195 1598 1258 quo

496 1286 616 1353 iactum
648 1294 714 1370 est,
745 1294 781 1352 ut
805 1289 933 1372 patirum
960 1308 1087 1372 omnes,
1119 1296 1258 1357 caudam.
1288 1295 1405 1355 labrum
1426 1290 1471 1374 B,
1505 1292 1600 1359 ceteri

494 1410 598 1469 cauda
632 1410 749 1471 1111111
784 1406 990 1471 servaverint.
1054 1406 1168 1471 Eidem
1205 1410 1279 1475 vitio
1319 1408 1425 1475 tribuo
1463 1430 1599 1473 errorem

496 1524 524 1607 fl.
546 1524 609 1589 154
628 1543 650 1587 a
669 1523 797 1587 nemine
821 1523 897 1588 dum
920 1522 1188 1616 enimadpcrsum.
1210 1526 1390 1613 Numpost
1410 1549 1440 1593 v.
1462 1531 1601 1607 spondyli

495 1638 615 1705 excidit
637 1646 719 1724 loco;
737 1661 796 1721 pro
818 1646 965 1723 spondylo
987 1642 1083 1727 vulgo
1105 1642 1240 1729 legitur,
1262 1644 1304 1709 ad
1326 1664 1457 1711 sensum
1479 1651 1577 1711 recte.

897 1874 1025 1953 ttuuu
1060 1877 1194 1953 ffllll.

576 2040 682 2107 Huius
712 2041 787 2106 libri
813 2042 864 2127 §§.
887 2043 1012 2128 8-30,
1040 2044 1180 2127 32-38,
1211 2044 1541 2126 42--57,132-157
1570 2046 1601 2109 in

495 2159 746 2225 chrestomathia
765 2162 984 2243 tractavimus,
1007 2182 1024 2225 e
1046 2161 1162 2248 quibus
1182 2163 1278 2227 Ianus
1295 2164 1328 2227 in
1342 2163 1483 2233 editione
1496 2160 1600 2227 Teub-

495 2278 628 2342 neriana
653 2279 831 2343 recentiore
859 2287 892 2343 et
913 2300 1117 2344 numerorum
1140 2285 1233 2344 notas
1263 2280 1433 2345 nonnullas
1469 2302 1599 2345 accura-

494 2396 558 2460 tius
582 2398 740 2480 expressit
761 2402 794 2460 et
815 2395 895 2461 duos
924 2397 1012 2462 locos
1034 2397 1161 2462 videtur
1182 2397 1388 2481 emendasse3
1423 2399 1453 2483 §.
1477 2400 1516 2465 tt
1541 2420 1599 2483 ego

494 2519 584 2591 ettam
606 2514 813 2599 scripseram,
844 2512 942 2579 Ianus
976 2521 1063 2581 reete
1099 2515 1243 2579 distinxit
1270 2527 1299 2579 et
1325 2521 1402 2599 ium3
1436 2515 1465 2599 §.
1489 2516 1550 2583 145
1573 2538 1600 2581 v.

493 2636 558 2695 etrus
590 2636 665 2717 post
695 2637 834 2697 conserui
861 2633 1059 2715 restituit*).
1101 2631 1253 2697 Fortasse
1276 2633 1372 2698 etiem
1399 2620 1492 2717 §.32
1512 2641 1600 2699 recte

492 2747 572 2835 legit
599 2754 775 2831 putrecunt
809 2749 957 2837 eBpro
982 2757 1184 2832 punctuatur.
1227 2749 1321 2826 Quod
1356 2751 1599 2836 autem§.155

494 2887 555 2953 ege
577 2879 616 2951 ,ct
637 2868 807 2954 Antipater
828 2871 965 2955 quoque‘
988 2869 1116 2954 scripsi,
1142 2869 1175 2935 id
1196 2868 1310 2935 Bemb.
1332 2876 1463 2938 ductore
1485 2869 1557 2937 feci.

544 3151 609 3231 Ille
636 3177 706 3232 nos
724 3155 968 3256 perimunt·
995 3177 1090 3255 quae
1118 3152 1318 3232 occultavit
1329 3161 1440 3253 atquc
1456 3155 1597 3231 demer-

543 3289 590 3364 sit
618 3269 783 3382 (tellus),
809 3288 871 3364 illa
896 3310 1081 3388 quaenon
1107 3293 1308 3363 nascuntur
1334 3295 1501 3388 repente.

575 3419 739 3506 Frigidam
761 3421 954 3485 sententiam
976 3441 1016 3485 nc
1038 3425 1106 3485 tum
1128 3419 1257 3505 quidem
1278 3420 1442 3505 prooemio
1465 3421 1485 3486 i.
1509 3441 1537 3485 e.
1559 3442 1594 3486 eo

493 3538 563 3603 loce
587 3537 833 3603 iereudemesse
855 3543 1011 3623 putarem,
1033 3559 1096 3624 quo
1120 3538 1160 3603 ad
1173 3537 1344 3603 oratoriam
1362 3543 1465 3602 artem
1478 3539 1595 3603 Plinius

493 3656 561 3721 iere
582 3657 761 3742 consurgit,
797 3656 824 3720 si
850 3655 1004 3720 librorum
1028 3655 1220 3740 optimorum
1251 3654 1314 3720 fide
1346 3656 1594 3720 confirmaretur.

494 3772 577 3848 Quia
588 3773 672 3838 enim
684 3773 815 3838 metalla
835 3772 980 3874 frugipus
998 3777 1202 3858 opponuntur
1223 3791 1306 3857 quae
1329 3793 1387 3836 suo
1410 3774 1593 3860 plerumque

411 3078 474 3148 724

493 3899 637 3977 tempore
657 3892 849 3978 proveniunt
861 3911 967 3976 neque
979 3891 1068 3976 ipsae
1081 3896 1213 3976 repente
1229 3896 1413 3974 nascuntur,
1435 3892 1593 3978 negationi

493 4011 539 4075 illi
560 4010 647 4075 nulla
669 4011 797 4075 omnino
819 4009 867 4074 vis
888 4011 996 4073 inesse
1018 4008 1186 4074 videretur.
1211 4007 1330 4094 Optimi
1350 4014 1458 4072 autem
1473 4004 1592 4072 codices

494 4127 600 4192 BVR
622 4132 664 4191 'ut
694 4138 817 4209 repente
845 4147 969 4191 summo
999 4146 1158 4190 consensu
1188 4125 1355 4192 exhibent:
1397 4125 1508 4211 itaque
1535 4145 1590 4189 non

493 4243 632 4309 delenda
654 4252 705 4310 est
725 4246 839 4312 vocula
860 4257 894 4308 ur
914 4243 972 4308 sed
995 4242 1179 4308 addendum
1198 4241 1329 4308 verbum
1350 4247 1384 4306 et
1407 4243 1448 4306 ed
1472 4249 1590 4308 senten·

491 4363 570 4431 tam
607 4369 640 4428 et
673 4362 716 4428 ed
748 4368 927 4428 structurae
955 4361 1205 4428 concinnitatem
1235 4360 1462 4426 necessarium.
1506 4356 1589 4435 Quod

548 4537 578 4605 ⁸)
598 4525 746 4591 Praetereo
767 4537 902 4590 nonnulle
920 4535 1022 4604 prioris
1042 4533 1171 4588 editionis
1185 4533 1395 4586 Teubnerienee
1407 4547 1490 4602 qnam
1507 4533 1589 4602 operis

600 4647 751 4696 correctam
766 4642 946 4696 exhibueram
960 4642 1026 4693 vitiu
1042 4639 1229 4709 imprudentia
1247 4655 1309 4693 mes
1320 4641 1437 4709 contigit
1452 4645 1483 4692 ut
1497 4645 1589 4709 repete-

600 4753 703 4802 rentur.
