3700 5625
648 575 749 642 Luber-
771 575 837 642 71.
861 577 948 646 VII.
1293 576 1355 644 119

284 763 408 856 reliquo
431 707 571 828 deserta.
613 762 773 828 Deinde
794 759 973 848 fabulosi
990 757 1038 824 ud
1057 758 1256 826 cerumta-
1274 783 1351 826 cerr-

281 905 334 947 rus
354 882 507 972 Napruoe
526 878 585 946 rel.

664 1131 813 1218 blm
835 1132 919 1218 vll.

727 1302 853 1378 421.
1362 1307 1423 1372 nr

284 1498 331 1509 -
355 1453 545 1530 hominem
564 1455 651 1530 nihil
668 1454 779 1549 scire,
800 1453 918 1530 nihil
942 1453 1042 1530 sino
1068 1451 1248 1548 doctriua,
1269 1478 1346 1531 nou

282 1589 357 1683 lari,
384 1613 462 1664 non
487 1589 632 1689 ingredi
656 1598 719 1663 rel.

313 1757 492 1842 Scriptura
513 1780 612 1844 quarn
635 1760 763 1843 recepit
775 1757 923 1844 Silligius
939 1778 957 1822 e
972 1755 1144 1822 codicibus
1164 1758 1342 1843 nonnullis,

245 1883 271 1935 ot
289 1873 364 1939 ferri
394 1889 499 1960 queat
531 1896 657 1940 vereor.
710 1875 799 1950 Quid
829 1876 915 1940 eninr
943 1876 1057 1960 inepta
1082 1871 1138 1948 illa
1164 1876 1260 1941 vocis
1287 1896 1341 1943 re·

245 1991 455 2074 duplicatione
484 1991 670 2058 efficietur?
697 2013 818 2075 nempe
845 1991 1014 2057 hominem
1043 1989 1125 2055 nihil
1154 1993 1242 2059 scire
1270 2016 1340 2059 orn·

244 2108 314 2192 nino,
335 2111 458 2176 deinde
482 2111 559 2175 nihil
573 2112 646 2176 sine
660 2091 821 2190 doctrina,
841 2133 981 2196 quorum
1000 2111 1035 2175 id
1054 2111 1142 2195 quod
1164 2111 1258 2196 prius
1279 2134 1339 2196 po·

244 2229 361 2306 suimus
382 2229 475 2294 falso
497 2230 688 2315 praedicari
709 2241 861 2315 apparet.
884 2231 1013 2306 Quodsi
1028 2242 1139 2296 eutem
1156 2231 1338 2294 oratoriam

245 2349 388 2429 quandam
402 2351 471 2414 viru
483 2351 562 2414 voci
584 2349 710 2426 „nihil“
725 2351 777 2415 bio
790 2350 957 2434 repetitae
969 2350 1083 2414 inesse
1096 2361 1238 2435 matoes,
1257 2349 1339 2414 nihil

245 2467 363 2548 cogitari
390 2480 508 2552 potest
534 2467 697 2552 frigidius·
753 2471 790 2533 ld
817 2479 929 2536 tamen
960 2479 1056 2534 recte
1076 2467 1157 2534 feeit
1177 2467 1336 2552 Silligius,

246 2587 315 2666 qood
338 2586 555 2651 iniucundum
580 2587 612 2649 in
640 2585 776 2672 vulgata
804 2585 949 2652 lectione
973 2587 1152 2652 verborum
1185 2586 1335 2653 ordinem

246 2700 382 2767 honinem
404 2707 493 2768 seire
514 2703 599 2768 nihil
618 2706 690 2768 sine
710 2704 862 2768 doctrino
883 2704 1136 2790 relinquendum
1158 2723 1236 2768 esse
1258 2724 1335 2768 ceu-

245 2822 306 2884 suit:
330 2826 472 2908 erravit,
493 2836 529 2889 ut
555 2844 678 2908 saepe,
708 2825 740 2887 in
766 2822 991 2906 emendando,
1016 2843 1116 2908 quoru
1141 2822 1254 2887 vitium
1277 2824 1335 2887 de·

246 2940 371 3011 texisset.
416 2940 511 3005 Libri
526 2938 609 3005 MsS.
633 2937 700 3003 hoc
720 2942 819 3005 modo
843 2922 989 3005 varient:
1012 2942 1033 3004 d
1056 2941 1140 3003 scire
1160 2937 1245 3003 nihil
1264 2941 1336 3003 sine

244 3054 382 3139 doctriua,
407 3059 465 3125 ST
483 3058 651 3141 (Murbac.
664 3054 767 3139 Rob.)
791 3056 875 3121 nihil
887 3058 971 3120 scire
989 3055 1073 3120 nihil
1086 3058 1158 3119 sine
1172 3057 1332 3142 doctrina,

247 3170 355 3237 Rnihil
365 3177 495 3239 scircsi
508 3174 669 3258 doctrina,
689 3188 714 3239 Θ
736 3172 821 3236 nihil
839 3174 923 3237 scire
944 3174 1011 3237 nisi
1024 3174 1219 3253 doctrinam,
1242 3175 1331 3239 unde

245 3286 377 3359 facillima
399 3293 591 3360 emendatio
615 3292 762 3357 elicitur:

541 3408 624 3472 nihil
644 3410 728 3472 scire
748 3408 830 3470 uisi
850 3408 1009 3475 doctrino.

307 3526 408 3599 Quum
433 3530 519 3591 enirn
542 3528 574 3591 in
597 3526 629 3589 R
650 3524 781 3610 syllaba
806 3526 844 3587 ni
864 3528 1017 3609 proxirna
1039 3550 1075 3591 re
1099 3530 1274 3612 absorpto,
1297 3530 1329 3595 ln

244 3638 298 3706 allis
319 3647 426 3712 vicino
461 3644 627 3712 vocabulo
658 3643 743 3707 nihil
772 3656 930 3728 corrupta
963 3658 1070 3731 esset,
1104 3646 1250 3711 additum
1277 3659 1330 3712 est

246 3762 311 3840 quod
333 3750 511 3831 mutilatum
534 3786 612 3829 esse
635 3764 823 3846 videbatur,
844 3762 923 3831 sinc.

672 3966 873 4060 12:22.
1344 3976 1407 4042 ns

282 4111 367 4190 idem
392 4118 599 4217 (Isigonus
615 4116 809 4217 prodidit)
837 4116 971 4191 itinere
998 4115 1140 4190 dierum
1166 4118 1324 4194 decem

283 4270 381 4349 snpra
407 4251 672 4351 Borysthenen
703 4254 941 4329 Sauromatas
973 4252 1084 4329 tertio
1114 4252 1175 4330 die
1204 4254 1326 4333 cibum

285 4407 404 4485 cepere
428 4414 587 4489 semper.

312 4551 411 4627 Quom
422 4554 522 4625 modo
531 4554 811 4644 Anthropophagi
824 4558 941 4623 decem
953 4557 1082 4626 dierum
1092 4558 1211 4627 itinere
1222 4578 1327 4645 supra
