3700 5625
528 748 532 756 '
668 796 673 802 -
729 714 821 828 aare
840 764 933 828 m
1227 735 1230 744 ’
1325 761 1386 830 roc

285 978 362 1044 quae
382 957 625 1044 nonnumquam
645 955 751 1025 iactae
774 960 846 1028 sint.
865 957 985 1034 Quidni
1005 959 1102 1044 igitur
1122 981 1152 1026 r.
1173 971 1218 1024 ert
1238 960 1385 1046 supplea-

283 1095 349 1140 mus
384 1081 418 1140 et
448 1077 483 1140 in
509 1095 545 1140 re
572 1076 722 1141 universa
749 1076 946 1161 singularem
977 1096 1144 1142 numerum
1178 1097 1196 1142 o
1224 1076 1386 1145 codicibus

283 1193 488 1278 recipiamus:

319 1315 413 1375 Adrus
432 1316 548 1390 optimo
570 1330 587 1374 e
611 1315 762 1390 (optimc
783 1310 894 1392 codd.)
918 1317 1048 1389 cortice,
1075 1316 1208 1378 secunda
1226 1319 1269 1394 fi,
1299 1319 1387 1378 tertio

221 1437 225 1444 ’
318 1433 444 1504 vinum
466 1433 550 1492 madi
570 1426 626 1492 rel.
1109 1407 1112 1410 ’

568 1593 809 1679 90=1o‚53.
840 1590 909 1683 (de
937 1597 1092 1684 cneco).
1407 1606 1469 1675 463

328 1721 540 1798 Differentia
566 1723 682 1823 prima
707 1719 887 1799 silvestris
915 1730 952 1799 et
978 1723 1108 1800 mitior.
1155 1721 1386 1800 silvestrium

207 1855 210 1865 ’
328 1855 426 1931 duae
447 1854 625 1956 species,
664 1877 737 1931 una
763 1855 928 1948 mitiore,
961 1855 1066 1932 simili
1096 1857 1224 1948 caule,
1265 1831 1387 1935 tamen
1433 1895 1435 1900 s

328 1988 503 2087 rigido..
529 2011 657 2065 semen
684 1989 764 2065 eius
789 1987 998 2080 candidum,

284 2126 396 2184 mitiore
409 2118 441 2186 S.
454 2121 480 2185 1.
503 2119 648 2186 coodR
668 2104 830 2208 recepere,
852 2122 949 2208 vulgo
971 2122 1054 2186 utin
1077 2121 1147 2187 cod.
1170 2123 1198 2184 V
1219 2119 1388 2206 legebatur

284 2245 380 2302 mitior
399 2221 459 2302 esi:
496 2246 664 2325 utrumque
686 2221 777 2305 falso.
811 2238 1053 2325 Theophrastus
1076 2240 1177 2328 enim,
1206 2257 1299 2324 quem
1322 2237 1387 2301 Pli-

284 2357 352 2420 nius
373 2356 425 2422 hic
452 2377 580 2443 qnoque
607 2357 835 2443 interpretatus
864 2366 931 2441 ost,
971 2357 1026 2423 Vl.
1048 2359 1078 2423 4.
1101 2359 1120 2424 5
1140 2357 1178 2423 τὰ
1201 2357 1263 2440 μὲν
1283 2376 1387 2442 προσ-

285 2476 421 2561 εμφερὲς
449 2474 583 2562 σφόδρα
610 2479 656 2562 τῷ
682 2472 792 2563 ἡμέρῳ
824 2477 910 2562 πλὴν
933 2474 1219 2560 εὖθυααυλότεραν
1246 2473 1387 2559 appella-

285 2592 335 2656 rit.
357 2593 471 2677 Itaque
492 2592 612 2676 perlevi
636 2598 692 2657 ant
711 2593 815 2677 nulla,
846 2595 874 2657 si
896 2593 1072 2660 Salmasius
1094 2613 1113 2657 e
1136 2591 1298 2658 codicibus
1321 2592 1387 2690 suis

286 2729 357 2774 vera
378 2708 497 2791 retulit,
517 2710 694 2774 mutatione
716 2710 803 2775 iacta
824 2711 981 2776 scribatur
1002 2718 1142 2797 oportet:
1240 2687 1250 2704 ’

323 2866 364 2875 -
384 2850 446 2893 ano
465 2835 577 2893 mitiori
596 2834 709 2910 andiu,
730 2836 816 2895 caule
834 2842 930 2893 tumen
944 2836 1054 2908 riqidc.

364 2939 546 3011 Candidum
574 2966 684 3011 semen
713 2947 810 3012 etiam
839 2946 1045 3015 Dioscorides
1074 2946 1130 3012 IV.
1164 2947 1225 3029 187
1252 2948 1387 3030 vocavit,

288 3064 368 3148 apud
388 3064 644 3149 Theophrastum
665 3067 794 3149 μέλανα
813 3065 939 3151 legitur.

541 3245 803 3343 '102=1r‚62‚
835 3250 905 3342 (de
931 3250 1135 3351 perdicio).
1408 3285 1470 3351 434

333 3383 483 3461 Crassos
509 3380 758 3483 plurimasque
784 3382 896 3459 habet
922 3384 1078 3474 radices,
1106 3383 1192 3457 item
1224 3378 1401 3460 ornitho-,

333 3516 415 3617 gale
451 3514 556 3592 caele
590 3523 742 3608 tenero,
784 3516 967 3606 candido,
1007 3511 1224 3616 semipedali
1251 3511 1386 3601 radice,

336 3650 499 3740 bulbosa‚
527 3647 638 3738 molli,
664 3648 780 3727 tribus
806 3656 868 3725 aut
894 3655 1052 3749 quatuor
1066 3646 1231 3749 agnatis;
1259 3644 1388 3743 coqui-

336 3791 388 3857 tur
411 3784 448 3857 in
474 3777 591 3882 pulle.

364 3914 484 3999 Turpia
512 3914 633 3999 aliquot
659 3914 737 3979 vitia
764 3934 847 3998 qnae
878 3912 966 3977 nullo
994 3912 1124 3997 negotio
1147 3932 1165 3975 e
1188 3909 1385 3975 Dioscoridis

220 4034 230 4061 '
292 4028 494 4116 descriptione
516 4032 632 4122 corrigi
653 4037 813 4121 poterant,
836 4030 868 4093 S.
892 4032 915 4097 Ι.
948 4031 980 4093 in
1001 4029 1062 4094 hoc
1090 4030 1159 4091 loco
1181 4028 1385 4113 reliquerunt.

291 4144 331 4208 lit
354 4146 558 4214 Dioscorides
588 4147 715 4233 quidem
747 4148 869 4237 11:173
897 4147 979 4211 hacc
1006 4146 1116 4210 habet:
1162 4144 1386 4230 ὀρνιθόγαλαν

291 4267 417 4333 nocuos
439 4264 517 4332 ἐστὶ
539 4266 723 4353 τρυφερὸν,
750 4263 890 4341 λεπτὸν,
917 4262 1119 4341 ὑπόλευκον,
1146 4260 1190 4340 ὥς
1221 4263 1385 4329 cronica-

207 4405 208 4412 *
292 4389 413 4461 patos,
444 4383 516 4474 ἄνα
537 4382 768 4470 παραφυάδας
790 4381 868 4464 ἕχον
888 4379 1013 4469 acciri}
1034 4385 1201 4469 τέσσαρας
1222 4418 1261 4427 -
1281 4417 1324 4461 ,-
1341 4395 1386 4425 ’-

292 4491 360 4579 ῥίζα
379 4498 416 4563 di
434 4500 615 4586 βολβώᾶης,
639 4496 819 4586 ἐσθιομένη
842 4526 870 4565 κ.
892 4524 920 4563 τ.
940 4501 970 4565 λ.
1009 4496 1111 4579 Ὶῖἰάαε1
1130 4500 1226 4579 igitur
1247 4518 1312 4561 non
1333 4517 1384 4563 ra·
1484 4564 1485 4571 χ

294 4609 374 4696 dicis,
394 4615 451 4680 sed
473 4616 574 4681 caulis
596 4637 780 4681 mensnram
802 4616 952 4699 indicari,
973 4636 1109 4701 eamque
1128 4618 1223 4680 trium
1246 4614 1384 4680 dodran·

294 4728 365 4793 tium
384 4733 441 4816 (ci.
463 4733 534 4805 Vll.
557 4734 617 4819 26)
650 4733 795 4799 modum·
809 4735 957 4819 explere;
994 4740 1062 4797 turn
1093 4734 1230 4799 eundem
1260 4733 1382 4797 cardam
