3700 5625
452 773 520 845 Μ
867 782 964 845 uther
983 782 1159 845 uxum.

455 974 529 1041 looo
550 971 629 1039 nihil
650 973 804 1043 doeemur
823 975 887 1049 uiui
901 976 974 1061 lroo,
997 974 1242 1063 oPhiledslplro
1266 974 1434 1043 delubrum
1456 976 1564 1043 oondi·

456 1099 525 1158 tum
546 1112 630 1178 esse,
652 1095 745 1183 qussi
764 1102 937 1183 propterea
956 1094 1136 1165 Ptolemaei
1157 1095 1221 1161 nisi
1243 1094 1354 1162 nodio>
1376 1096 1566 1183 oognourine

456 1212 652 1279 mentionem
683 1212 792 1279 iooers
822 1234 888 1279 non
919 1214 1042 1283 lioeret
1074 1212 1147 1290 Qui
1179 1234 1278 1300 quum
1310 1212 1341 1281 lr,
1362 1213 1382 1281 l.
1417 1234 1564 1302 ,sequens

457 1331 672 1398 Ptolemeens‘
705 1332 900 1419 appelletur,
934 1330 1187 1399 additamentum
1209 1329 1382 1397 delendum
1402 1352 1478 1399 esse
1500 1332 1565 1399 effi·

457 1450 548 1516 oitnr.
591 1450 705 1537 Neque
727 1456 835 1518 tomen
870 1449 950 1518 nihil
977 1468 1019 1520 ex
1049 1449 1104 1517 illo
1125 1450 1197 1515 loeo
1234 1450 1268 1515 iu
1296 1468 1391 1517 usum
1422 1456 1565 1519 norum

457 1569 603 1636 eonverti
620 1568 704 1636 lieet.
741 1568 792 1635 Ibi
812 1568 898 1635 euim
920 1567 1087 1635 delubrum
1109 1568 1303 1643 Arduoeum
1323 1574 1474 1636 vocatum
1496 1591 1565 1637 erre
1664 1602 1665 1641 ι

456 1686 610 1771 truditur,
642 1706 776 1753 oureum
796 1706 862 1753 uon
884 1686 1077 1772 appelletur,
1110 1686 1220 1773 iteque
1251 1686 1431 1755 mutatione
1457 1688 1493 1755 in
1512 1706 1565 1755 uo-

456 1805 543 1871 miue
563 1805 692 1893 proprio
719 1824 784 1870 non
804 1804 947 1870 violente
972 1822 1030 1889 pro
1050 1823 1174 1871 aureum
1195 1803 1368 1889 legendum
1388 1812 1441 1874 est
1458 1814 1566 1873 Arri·

457 1944 525 1992 not
531 1947 551 1987 u
559 1944 594 1987 m.

375 2045 439 2115 us
901 2043 1135 2132 llo-2:833.
1239 1982 1242 1987 ¹

506 2172 677 2251 Nascitur
701 2179 787 2275 post
812 2196 946 2251 everso
971 2172 1097 2249 ludise
1122 2173 1222 2272 opud
1249 2171 1392 2251 incolas
1412 2172 1565 2253 Caucasi

373 2391 376 2400 ,
398 2362 403 2416 3
509 2307 644 2384 montis
666 2304 871 2406 Phyoaros
893 2304 1025 2407 Saces,
1054 2304 1189 2386 Danas.

460 2517 464 2551 ἑ
541 2442 614 2505 Duo
636 2440 767 2506 nomine
789 2462 809 2546 o
829 2439 989 2510 belmesio
1018 2438 1169 2506 restitute
1191 2444 1279 2522 sunt,
1313 2440 1443 2507 tertium
1476 2439 1566 2507 nobis

459 2556 695 2624 restituendum
711 2558 854 2645 reliquit:
878 2562 1092 2641 Hyrcanos.

377 2688 440 2758 849
895 2678 1131 2765 114=8,35.

511 2800 674 2890 Sudines
702 2806 790 2886 dicit
817 2806 916 2886 etin
943 2804 1075 2888 Sibero
1102 2807 1250 2910 Atticae
1277 2804 1427 2885 flunrine
1453 2809 1567 2886 nesci.
1664 2855 1665 2912 ἦ

522 2943 595 3009 Non
617 2934 747 3008 Attioae
767 2939 885 3009 flumen
907 2941 970 3006 luit
991 2935 1122 3006 Siberus
1143 2939 1195 3005 vel
1217 2938 1348 3025 Siberis,
1376 2940 1433 3005 sed
1455 2947 1568 3007 Golo-
1664 2967 1665 2976 ¹

460 3069 556 3145 tiae,
585 3060 624 3125 oi.
645 3059 781 3147 Pmeop.
803 3057 845 3126 de
868 3056 938 3128 ned.
960 3061 990 3128 5.
1008 3062 1045 3144 4,
1088 3057 1175 3149 quod
1202 3079 1319 3134 nomen
1349 3059 1567 3145 reponendum
1664 3131 1665 3140 ,

461 3202 533 3248 esse
554 3184 699 3266 apparet.
730 3207 741 3260 p
1664 3147 1665 3166 Χ

603 3369 607 3374 ι
867 3264 938 3339 116
964 3291 999 3322 =
1025 3261 1175 3339 ibidem.

512 3412 559 3452 -’-
575 3393 670 3472 haee
695 3389 762 3470 erit
787 3389 851 3470 illa
878 3413 974 3493 quse
1001 3401 1158 3472 vocatur
1182 3393 1360 3471 serizusa.

545 3565 584 3574 -
607 3547 686 3607 quoe
707 3531 832 3591 orizuso
857 3536 939 3601 (non
961 3525 1102 3611 urtinse)
1127 3531 1244 3593 dicetur
1264 3496 1308 3611 B,
1342 3523 1430 3594 unde
1452 3527 1569 3593 seribe-

462 3653 514 3711 tur
537 3651 678 3733 oportet:
700 3666 781 3724 quoe
801 3650 941 3709 aerizosa
964 3619 1085 3710 dicitur.
1337 3617 1340 3626 ’

380 3755 443 3823 851
484 3754 594 3844 ¹Non
630 3763 750 3841 miuus
789 3760 925 3840 multae
960 3763 1108 3863 speeies
1136 3761 1301 3864 reliquae
1326 3771 1432 3856 sunt,
1462 3808 1501 3818 ·-
1537 3771 1572 3840 ut

510 3896 686 3999 crystallo
714 3895 853 3974 similes
886 3903 949 3973 eut
974 3897 1115 3996 myxis,
1159 3897 1246 3972 item
1271 3895 1571 3990 terebinthizusa,

512 4028 735 4134 [improprio
762 4035 803 4106 ut
828 4030 995 4121 arbitror,
1023 4030 1255 4129 cognomine,
1284 4027 1388 4108 velut
1408 4053 1429 4107 e
1450 4029 1572 4107 multis

396 4162 417 4197 ·‘
513 4161 681 4240 eiusdem
707 4150 859 4263 generis
886 4165 1092 4264 composita
1117 4163 1300 4264 gemmisl.

547 4295 719 4362 Glossema
738 4296 884 4381 ineptum
905 4301 993 4361 reete
1015 4292 1088 4359 inB
1111 4277 1276 4375 omittitur,
1299 4287 1384 4380 quod
1401 4314 1466 4359 non
1489 4295 1570 4360 nnti-

465 4425 529 4502 qoo
551 4410 800 4496 illi'oorreotori,
829 4414 888 4478 sed
908 4410 1030 4478 homini
1052 4415 1161 4478 neseio
1185 4411 1236 4478 oui
1256 4405 1352 4479 dooto
1375 4408 1480 4477 tribuo
1502 4432 1570 4476 see·

463 4532 623 4621 ouliXV.
665 4529 738 4596 Non
765 4548 896 4617 prorsus
927 4529 1091 4596 dissimilis
1120 4537 1171 4596 est
1193 4541 1232 4594 se
1252 4527 1456 4616 interpolatio
1491 4543 1571 4616 quae

466 4649 499 4714 in
520 4651 665 4736 mnrpine
695 4649 744 4714 ed.¹
767 4648 1049 4734 Deleoompieues'
1062 4645 1101 4712 V.
1133 4649 1216 4735 siglo
1242 4653 1373 4712 notetur
1406 4649 1505 4730 ,uelut
1541 4654 1571 4711 et

465 4766 576 4838 uultis
598 4767 743 4855 quedem
771 4765 898 4859 poneris
920 4766 1055 4852 gemmis
1082 4765 1219 4833 eandem
1242 4766 1283 4832 ob
1311 4785 1380 4832 rem
1402 4767 1570 4856 imposito‘.
