3700 5625
490 738 532 832 1ss
945 750 1035 812 rroer
1053 752 1145 816 xm.

488 959 637 1007 racemus.
702 945 800 1010 Simili
845 950 935 1010 modo
983 951 1014 1013 in
1064 955 1155 1028 cipro
1195 923 1292 1016 alictii
1330 961 1375 1016 crl
1414 970 1506 1018 umen
1542 959 1580 1018 oi·

488 1077 575 1136 crum
597 1058 653 1123 rel.

572 1174 722 1251 Ceterum
735 1197 838 1263 paene
854 1179 972 1244 oblitus
987 1199 1074 1246 eram
1091 1202 1223 1248 monere
1244 1183 1276 1249 in
1298 1185 1389 1252 initio
1411 1186 1501 1253 huius
1522 1204 1581 1250 eec-

488 1292 583 1358 tionis
600 1297 678 1358 hoec
699 1315 743 1358 ce.
773 1315 894 1378 genere
915 1296 1001 1382 quod
1030 1305 1139 1364 exstet
1160 1295 1193 1366 in
1214 1301 1303 1366 libris
1325 1302 1435 1387 MSS„
1463 1302 1502 1367 ab
1523 1302 1580 1368 cdi·

473 1410 610 1476 *mribus
631 1418 753 1476 temere
775 1418 917 1499 spretum
941 1433 1023 1480 esse.

405 1581 467 1654 are
816 1671 819 1676 ,
888 1569 1175 1660 rm=aroa

538 1711 604 1789 Est
621 1719 657 1790 et
684 1714 860 1791 infructu
887 1717 1092 1793 differentia
1116 1717 1223 1795 albae
1250 1718 1453 1820 nigraeque
1480 1719 1583 1796 hede-

536 1869 618 1937 rae,
646 1849 817 1947 quoniam
844 1845 925 1924 aliis
953 1858 1051 1926 tanta
1077 1851 1280 1928 amaritudo
1307 1853 1403 1930 acini
1432 1859 1469 1930 ul
1503 1874 1582 1930 aves

536 2002 609 2059 non
635 1981 826 2080 attingant.

568 2132 652 2194 Male
674 2133 769 2195 lanus
799 2151 870 2195 cum
897 2129 1063 2205 codicibus
1088 2132 1277 2216 particulam
1299 2143 1328 2198 ct
1348 2135 1466 2200 omisit¹
1509 2133 1580 2197 Nem
1646 2161 1647 2212 l

487 2247 573 2332 apud
599 2248 854 2334 Theophrastum
883 2250 940 2312 ΙΙΙ.
971 2248 1021 2312 18.
1046 2248 1087 2314 10
1108 2248 1225 2334 legitur
1246 2248 1315 2334 ἔχει
1338 2252 1377 2317 δὲ
1398 2257 1454 2318 nal
1476 2249 1583 2338 ἑτέραν

359 2418 362 2423 .
486 2364 657 2450 διαφορὰν
678 2367 763 2431 κατὰ
792 2367 852 2432 τὸν
873 2366 1005 2452 καρπὸν
1039 2362 1077 2432 οὐ
1100 2368 1229 2455 μικράν.
1271 2367 1462 2434 Necetscrio
1487 2375 1581 2434 cuum

424 2559 430 2566 .
486 2488 554 2547 ollio
575 2483 660 2568 quod
688 2505 752 2547 non
780 2483 962 2568 habetque
991 2481 1148 2548 referatur
1175 2486 1398 2571 corrigendum
1426 2493 1487 2555 est.
1527 2485 1582 2550 Ne·

444 2670 449 2679 ,
486 2620 548 2686 que
576 2607 633 2664 illis
663 2599 748 2686 quod
771 2598 987 2665 Schneiderus
1016 2599 1056 2664 ad
1084 2601 1103 2664 l.
1125 2601 1146 2668 l.
1168 2604 1334 2688 proposuit
1362 2605 1494 2690 probari
1520 2623 1581 2690 pro·

485 2719 579 2782 ximis
601 2717 817 2804 Theophrasti
838 2717 944 2782 verbis
967 2718 1217 2813 demohstratur:
1250 2717 1267 2786 ὁ
1288 2723 1434 2811 μὲνγὰρ
1456 2719 1580 2805 &vlric-

485 2838 541 2914 κύς
568 2833 659 2904 ἔστιν
687 2834 704 2904 ὅ
733 2838 769 2901 δὲ
802 2835 934 2923 σφόδρα
969 2837 1086 2923 πικρὸς
1114 2842 1171 2902 καὶ
1211 2844 1270 2905 τοῦ
1298 2842 1417 2917 λευκοῦ
1445 2843 1579 2908 καὶτοῦ

482 2959 634 3043 μέλανος.
677 2958 762 3019 Vere
782 2955 877 3018 lectio
900 2959 950 3017 est
971 2960 1079 3033 aliquis
1103 2953 1212 3020 dativo
1235 2976 1321 3024 casu.

342 3164 347 3171 ,
389 3136 462 3205 ‘280
911 3111 1162 3197 159=3aoa

522 3235 687 3339 xCalamis
714 3257 865 3337 orientis
891 3256 1020 3359 populi
1047 3254 1145 3333 bella
1181 3257 1395 3349 conficiunt,
1436 3253 1577 3336 calamis

530 3392 673 3493 spicula
698 3393 840 3468 addunt
864 3387 1096 3467 irrevocabili
1121 3388 1230 3467 hamo
1259 3391 1380 3469 noxia.
1433 3389 1577 3467 Mortem
1645 3375 1646 3439 l

530 3524 740 3603 accelerant
766 3525 877 3625 pinna
902 3521 1028 3599 addita
1054 3520 1220 3613 calamis,
1246 3522 1360 3622 fitquc
1386 3530 1485 3613 etex
1502 3524 1575 3623 ipso

528 3657 641 3735 telum
668 3657 769 3734 aliud
793 3657 908 3733 fracto
935 3653 973 3729 in
999 3652 1225 3732 vulneribus,

432 3818 435 3828 “
561 3808 786 3874 Perturbatem
819 3826 891 3871 esee
918 3773 1097 3870 orationem
1128 3822 1166 3867 eo
1194 3802 1314 3889 liquido
1337 3803 1575 3879 demonstretur,

418 4003 425 4013 .
479 3924 565 4012 quod
593 3945 657 3989 vox
686 3928 750 4003 ipso
788 3940 893 4006 neque
915 3922 957 3986 ad
978 3922 1109 4007 pinnam
1143 3937 1247 4006 neque
1270 3920 1311 3985 ad
1333 3921 1490 4003 calamos,
1525 3912 1574 3982 red

479 4042 521 4105 ad
542 4034 672 4106 hamum
685 4040 834 4126 pertinet,
857 4060 951 4124 equo
975 4060 1071 4103 sensu
1094 4038 1197 4103 alieno
1217 4045 1398 4124 separatur:
1421 4039 1504 4104 viem
1520 4047 1575 4121 quo

478 4158 520 4223 ad
541 4157 735 4235 medendum
758 4158 984 4244 aggrediamur
1006 4156 1173 4222 vocabulo*
1189 4155 1342 4239 ,colemio‘
1370 4162 1420 4223 ter
1447 4152 1572 4241 repetito

350 4352 355 4362 Ι
477 4265 612 4339 indicari
634 4274 786 4355 arbitror,
808 4272 894 4359 quod
915 4274 1062 4338 librarius
1085 4274 1160 4339 dum
1182 4292 1321 4338 errorem
1344 4274 1474 4359 corrigit
1499 4284 1571 4335 noro

478 4411 584 4456 errore
607 4397 639 4454 et
660 4411 718 4455 ruo
740 4397 773 4454 et
805 4391 909 4455 alieno
932 4391 1002 4456 loco
1025 4391 1199 4455 inseruisse
1221 4386 1383 4475 putandus
1406 4395 1465 4455 cot.
1509 4386 1571 4460 0¹¹⁰

475 4508 525 4573 bir
548 4514 671 4572 teritum
699 4509 816 4594 scripto
838 4529 996 4595 versuque
1024 4508 1151 4573 XXVII
1172 4508 1365 4589 litterarum,
1402 4508 1456 4593 qui
1477 4500 1570 4590 leg'ti·

475 4648 546 4691 mur
577 4624 644 4690 fere
671 4624 835 4712 archetypi
857 4626 978 4692 codicis
1000 4646 1150 4691 numerus
1172 4624 1250 4707 fuit,
1289 4624 1483 4721 transposito
1504 4635 1571 4687 rem
1644 4684 1645 4719 r

474 4745 569 4811 lectio
590 4745 663 4810 tolio
685 4744 835 4829 emergit:
