3700 5625
347 729 358 746 ‘
472 742 516 811 nn
916 745 1006 810 nee
1022 747 1129 810 run.

472 939 594 1006 medae
615 940 790 1024 legentium
810 939 1059 1006 succurrendum
1082 957 1156 1006 ease
1177 940 1317 1024 putauit,
1348 939 1455 1006 doetus
1474 937 1557 1006 libru-

472 1058 548 1125 rina.
579 1055 679 1122 Cuius
701 1057 865 1142 glossema
887 1057 919 1124 in
941 1056 1106 1158 uerbo-est
1125 1057 1298 1124 manifeste
1319 1055 1559 1141 deprehenditur,
1643 1109 1644 1131 ,

470 1173 557 1260 quod
578 1175 612 1239 in
633 1173 705 1240 end.
726 1173 757 1238 D
780 1180 857 1240 ante
879 1187 972 1286 atpue
987 1174 1148 1240 inuetitum.

288 1365 292 1374 ·
387 1370 450 1438 302
665 1339 675 1348 ’
906 1345 951 1416 14
978 1347 1071 1430 =.2‚
1100 1346 1135 1416 2.

522 1489 671 1589 quande
699 1489 761 1563 nix
787 1510 965 1586 aquarum
992 1488 1207 1566 caelestium
1233 1511 1365 1590 spuma
1392 1493 1456 1564 est.

555 1619 824 1705 Vulgatambane
840 1621 1010 1686 lectionem
1033 1644 1052 1687 a
1074 1620 1141 1685 Sill.
1155 1623 1222 1686 lan.
1245 1621 1344 1704 recipi
1365 1621 1503 1706 potuisse
1523 1624 1563 1680 est

474 1738 560 1825 quod
580 1738 724 1819 mireris,
752 1758 849 1823 quum
871 1739 985 1804 enda
1013 1759 1084 1804 eam
1107 1759 1190 1824 quae
1217 1739 1378 1802 sententia
1406 1739 1564 1822 flagitatur,

470 1862 583 1956 pruine
606 1837 766 1922 exhibeat.
788 1855 853 1930 Nix
873 1864 923 1922 eet
947 1856 1031 1922 enim
1051 1857 1127 1937 ,anri
1148 1864 1298 1924 aonareta
1318 1856 1443 1941 pruinn‘
1465 1873 1564 1918 seeun-

474 1974 550 2038 dum
572 1973 756 2042 Lueretium
777 1973 837 2044 ΙΠ.
851 1974 894 2048 20
916 1980 1013 2058 atque
1035 1974 1106 2058 ipen
1127 1975 1241 2062 pruina
1261 1973 1439 2058 eVergilio
1461 1971 1565 2051 Georg.

473 2091 533 2158 111.
555 2091 618 2159 364
639 2091 826 2178 appellatur.
866 2090 916 2156 Ee
935 2097 1060 2158 tantum
1083 2111 1102 2160 a
1123 2091 1237 2175 pruina
1259 2089 1385 2173 differt,
1409 2087 1492 2178 quod
1512 2105 1566 2149 nen

474 2231 546 2274 rore
567 2208 673 2294 gelido
690 2207 749 2272 sed
760 2207 861 2274 imbre
878 2209 1030 2294 gignitur,
1052 2209 1171 2294 optime
1188 2208 1284 2294 igitur
1299 2203 1445 2274 imbrium
1467 2205 1568 2292 pruina

476 2329 497 2392 i.
519 2348 547 2390 e.
567 2325 669 2390 imber
691 2326 910 2412 conglaciatus
939 2333 1084 2408 vocatur,
1126 2346 1208 2411 quae
1243 2333 1350 2391 autem
1385 2346 1498 2412 spuma
1518 2323 1568 2386 im·

476 2445 579 2508 brium
606 2442 719 2508 dieitur
743 2464 782 2507 en
802 2445 907 2509 minua
931 2444 1028 2510 etiam
1051 2463 1147 2529 quam
1169 2443 1231 2527 ipsi
1251 2442 1370 2506 imbres
1391 2440 1568 2528 conglaciat.

478 2564 521 2626 At
542 2567 654 2626 onuba
676 2561 704 2644 ξ.
727 2560 767 2627 18
798 2560 915 2626 iniuria
935 2561 1033 2627 iidem
1055 2561 1114 2626 viri
1136 2559 1222 2624 doeti
1243 2561 1407 2646 vulgatam
1421 2565 1570 2638 ,fruuntur

477 2685 564 2763 aquis
586 2678 797 2764 neglexerunt
820 2687 915 2766 atque
938 2699 957 2743 e
977 2667 1041 2742 levi
1062 2677 1208 2748 tudinum
1226 2680 1408 2764 corruptela
1431 2683 1569 2756 (fruitura

473 2820 550 2879 quas
572 2818 611 2882 a,
632 2799 747 2873 fruitur
769 2803 855 2877 aquis
872 2796 911 2882 d)
936 2817 1051 2863 nouam
1074 2796 1243 2865 lectionem
1261 2799 1398 2873 fruitura
1416 2803 1499 2883 aquis
1522 2815 1568 2857 ex·

473 2915 640 2999 undarunt,
684 2935 767 3000 quae
794 2934 864 2979 eum
896 2915 1001 3032 verbip
1025 2902 1293 3003 praecedentibus
1315 2916 1446 2981 minime
1475 2912 1569 2977 eenei-

474 3034 578 3123 linum.
630 3032 754 3097 Neutra
782 3033 867 3096 enim
894 3033 950 3099 illa
979 3032 1241 3115 ,mediterranea
1283 3036 1462 3101 mantuesa‘
1504 3032 1570 3095 sunt

473 3150 648 3233 πνεύματα
663 3149 721 3235 (ef.
744 3149 903 3236 Theophr.
927 3170 1014 3217 enus.
1037 3150 1078 3235 pl.
1100 3150 1142 3215 H.
1165 3152 1217 3237 3),
1235 3172 1352 3215 nonum
1376 3156 1482 3217 antem
1503 3145 1569 3213 sub:

474 3270 592 3333 ieetum
612 3280 681 3333 suta
712 3268 845 3333 verbnm
867 3267 991 3333 finitum
1013 3268 1161 3353 requirit,
1197 3275 1233 3333 ut
1254 3267 1294 3332 ab
1318 3268 1381 3332 illis
1400 3264 1570 3332 nominibus

475 3386 619 3451 eiusdem
647 3386 774 3471 generis
797 3385 1021 3472 distinguatur.

392 3552 455 3623 303
914 3556 963 3631 20
989 3578 1023 3610 ·-·
1048 3556 1083 3643 2,
1109 3557 1143 3628 2.
1643 3638 1644 3649 Ν

522 3700 563 3783 ln
589 3670 724 3779 Alriea
740 3700 932 3782 meridiem
956 3701 1086 3785 vinens
1101 3708 1271 3803 spectare
1298 3705 1335 3783 et
1359 3700 1426 3779 viti
1441 3694 1569 3781 inutile,

524 3834 660 3916 celone
685 3832 872 3914 insalubre
899 3842 968 3913 est.

556 3970 657 4035 Reate
686 3967 814 4054 quidem
835 3966 970 4035 laeunae
1006 3967 1113 4053 signa,
1155 3986 1238 4052 quae
1260 3972 1335 4030 ante
1364 3986 1395 4031 v.
1417 3969 1469 4027 vili
1495 3960 1570 4027 Silli·
1643 3936 1644 3955 ¹

477 4087 548 4173 gius
566 4085 731 4172 apposuit,
754 4084 794 4149 nb
814 4084 892 4149 lano
915 4084 1042 4149 sublata
1065 4090 1148 4165 eunt,
1172 4104 1282 4149 verum
1305 4081 1382 4167 quid
1404 4102 1466 4147 vox
1487 4092 1514 4143 et
1534 4076 1569 4141 ab

476 4203 644 4269 Harduiun
667 4203 775 4268 deleta
793 4202 826 4267 h.
847 4203 868 4268 1.
891 4201 953 4272 sibi
973 4202 1065 4283 velit,
1086 4220 1150 4265 non
1173 4206 1222 4263 est
1245 4190 1455 4283 exploratum.
1489 4194 1570 4261 Seili-

478 4328 530 4391 net
549 4320 611 4385 hoe
635 4320 706 4385 lnee
728 4332 757 4385 et
782 4322 816 4387 in
837 4332 881 4388 est
900 4318 1106 4400 mutandum,
1142 4318 1242 4382 altero
1273 4314 1485 4383 omittendum
1519 4323 1570 4390 est,

423 4474 427 4479 1
479 4438 597 4508 omittit
617 4439 702 4501 enim
724 4437 794 4503 aad.
834 4441 864 4503 Θ
885 4457 990 4522 neque
1011 4435 1137 4503 facilius
1167 4432 1341 4519 quidquam
1371 4432 1439 4495 fieri
1467 4429 1571 4516 potuit,

478 4576 574 4643 quam
595 4561 648 4638 ut,
680 4575 752 4619 enm
773 4554 872 4625 semel
893 4554 996 4619 altera
1016 4574 1082 4627 vox
1101 4558 1251 4637 corrupta
1272 4556 1375 4632 esset,
1405 4549 1507 4639 altera
1531 4547 1570 4609 iu·

479 4681 646 4743 sereretur.
