3700 5625
472 549 534 618 lau
870 545 972 622 hstes·
993 548 1105 618 7111.
1124 546 1209 622 IL·

471 755 571 823 quum
593 737 727 806 tondeo
740 736 921 824 aliquando
939 736 1094 821 ωςίιιοιιι
1111 735 1269 800 satim
1289 735 1469 812 renuebat,
1491 749 1587 799 aeeo-

471 856 582 924 batur·
627 855 657 943 §.
674 856 745 926 171.
776 856 892 924 Verba
917 855 1010 924 lenta
1030 855 1142 921 onata
1162 875 1231 920 etse
1248 854 1366 920 aetalia
1390 864 1491 920 reate
1513 852 1592 918 Piu-

461 975 584 1044 ·tiauas
598 977 732 1046 videtur
748 977 901 1046 eiecisw.
931 977 962 1064 §.
976 973 1046 1044 173.
1061 977 1166 1042 verba
1185 973 1222 1038 id
1241 982 1291 1040 est
1302 993 1445 1060 pamm
1466 968 1593 1034 nane

473 1115 493 1160 e
512 1094 590 1162 loeo
608 1097 802 1164 Aristotelis
822 1099 876 1165 De
893 1108 1046 1186 generat.
1061 1097 1160 1163 anim.
1175 1095 1216 1165 ll.
1228 1093 1260 1162 8.
1271 1095 1325 1160 liu.
1348 1091 1444 1162 rosini
1463 1091 1491 1160 δ’
1509 1092 1594 1158 ἐστιν

473 1213 604 1300 ἡμίονος
622 1215 788 1303 ἀνάπηρος
809 1215 895 1284 male
917 1206 1083 1282 translata
1103 1215 1267 1282 immerito
1285 1211 1499 1282 sollicitavit.
1529 1210 1594 1276 Ae·

475 1334 556 1400 uidit
570 1335 657 1402 enim
674 1335 779 1402 Plinio
797 1355 966 1422 persaepe
978 1346 1015 1402 ut
1025 1334 1219 1404 Aristotelis
1236 1335 1340 1401 verba
1360 1335 1473 1400 miuus
1492 1351 1594 1397 aeon·

475 1461 548 1519 rate
570 1453 603 1518 in
617 1473 714 1520 usum
729 1475 824 1520 suum
842 1463 1068 1521 converteret.
1101 1453 1157 1520 De
1171 1453 1292 1540 quibus
1302 1451 1501 1520 festiuantis
1514 1451 1595 1516 seri·

476 1572 584 1657 pteris
605 1571 777 1639 erroribus
798 1571 976 1659 diligenter
990 1573 1173 1658 disputavit
1185 1570 1391 1655 Moutiguios
1410 1570 1447 1634 in
1472 1569 1595 1636 disser-

478 1689 754 1758 tationeBonuee
766 1687 964 1767 latentia,
986 1706 1074 1777 quae
1085 1689 1280 1758 inscribitur
1297 1687 1596 1769 „Quaestionesiu

479 1806 515 1876 G.
529 1807 623 1874 Plinii
645 1808 794 1876 Seountli
814 1808 975 1875 naturalis
997 1807 1157 1876 historiae
1180 1807 1223 1873 da
1244 1806 1444 1874 animalibus
1464 1806 1595 1872 libros“

478 1949 515 2013 p.
528 1926 572 1994 50
589 1948 664 2014 sqq.
723 1927 755 2014 §.
777 1924 851 1996 182.
883 1937 978 1994 reete
1006 1924 1111 2012 volgo
1135 1926 1295 2013 graviore
1326 1925 1595 2012 interpunctione

479 2056 558 2131 post
577 2067 609 2113 v.
624 2044 767 2111 dictator
786 2046 992 2112 victimarum
1015 2047 1199 2132 descriptio
1217 2045 1407 2118 alutloruru
1427 2044 1596 2129 exemplis

356 2259 358 2266 Α
478 2176 667 2250 separatur.
719 2164 806 2232 Nam
826 2165 916 2250 quod
945 2163 1064 2252 5193.
1085 2174 1164 2250 post
1183 2186 1316 2252 eoepere
1334 2187 1403 2234 noa
1424 2167 1594 2248 interpun-

479 2284 584 2367 gitur‚
611 2301 791 2367 operarum
817 2282 896 2348 vitio
923 2283 1134 2349 tribuendum
1161 2294 1227 2353 est.
1279 2285 1311 2372 §.
1326 2282 1402 2353 22⁴1.
1430 2280 1595 2348 immerito

480 2403 522 2469 de
541 2400 665 2472 laeuae
695 2401 853 2486 sagitavit
876 2400 1026 2486 Silligius
1050 2413 1232 2489 propterea
1259 2402 1350 2488 quod
1373 2421 1409 2468 v.
1433 2421 1539 2495 φιαπι
1563 2396 1594 2460 iu

478 2520 535 2586 Rd
557 2521 723 2590 omittitur.
774 2519 888 2604 Saepe
918 2519 1003 2585 enim
1025 2520 1180 2604 singulae
1202 2520 1336 2588 litterae
1361 2517 1418 2584 vel
1439 2517 1594 2603 syllabae

481 2659 501 2704 a
523 2636 691 2704 nonnullis
714 2636 814 2704 codd.
830 2637 965 2719 absunt,
986 2658 1053 2723 quo
1071 2637 1225 2704 vitiorum
1247 2657 1373 2723 genere
1397 2637 1480 2706 eod,
1503 2651 1593 2720 prae·

480 2755 594 2825 sertim
615 2754 648 2822 R
670 2753 810 2821 laborat.

921 2977 1160 3069 msam

900 3148 1173 3245 4n5=n2

533 3300 611 3376 Sed
643 3301 681 3376 in
714 3302 805 3379 mari
839 3304 909 3401 (so.
939 3300 1098 3405 Indico)
1136 3300 1281 3378 belluae
1310 3297 1411 3374 circa
1442 3294 1594 3375 solstitia

533 3436 692 3515 maxime
714 3438 896 3518 visuntur.
936 3440 1048 3517 Tune
1069 3438 1145 3515 illio
1170 3446 1284 3517 ruunt
1307 3434 1489 3533 turbines,
1512 3448 1593 3513 lunc

532 3570 683 3667 imbres,
710 3582 798 3649 luno
827 3571 996 3650 deiectae
1022 3573 1200 3651 montium
1222 3572 1320 3673 iugis
1343 3574 1533 3673 procellae
1554 3568 1594 3643 al

507 3744 510 3757 ·
534 3707 608 3785 imo
632 3717 780 3788 vortunt
797 3704 911 3783 maria
931 3707 1170 3807 pulsatasque
1189 3732 1240 3785 ex
1252 3707 1438 3808 profundo
1457 3709 1592 3785 muna

535 3866 619 3920 oum
653 3841 829 3919 fluctibus
860 3841 1029 3936 volvunt,
1061 3853 1101 3916 et
1130 3842 1221 3919 alias
1249 3852 1350 3918 tanta
1376 3842 1594 3942 thynnorum

534 3980 768 4056 multitudine
799 3987 839 4054 ut
866 3978 987 4079 magni
1013 3978 1219 4056 Alexandri
1245 3978 1376 4055 elassis
1405 3980 1505 4056 haud
1531 3974 1594 4053 alio

494 4112 499 4120 ’
535 4107 644 4190 inodo
669 4139 776 4214 quam
792 4112 953 4190 hostium
980 4112 1060 4189 acie
1088 4112 1195 4189 obvia
1222 4113 1447 4193 contrarium
1470 4132 1595 4217 agmen

536 4249 692 4324 adversa
717 4242 840 4326 fronte
867 4241 1070 4344 direxerit3
1106 4250 1213 4327 aliter
1242 4249 1383 4353 sparsis
1412 4278 1485 4329 non
1522 4257 1595 4329 arat

536 4383 710 4475 evadere.
751 4384 837 4461 Nou
858 4410 965 4480 voce,
985 4409 1059 4464 uon
1083 4385 1219 4485 sonitu,
1239 4414 1314 4465 noo
1339 4390 1417 4471 ictu
1442 4389 1511 4467 sed
1531 4387 1595 4465 itt·

493 4603 496 4611 ,
533 4544 625 4621 gere
651 4530 846 4609 terrentur
875 4546 947 4604 nee
968 4521 1041 4603 uisi
1061 4524 1168 4605 ruina
1188 4528 1394 4612 nrbuuur.
