3700 5625
722 735 812 796 Liber
831 738 936 797 XXX.
1320 734 1381 804 189

276 948 374 992 vorem
398 933 523 1010 corpote·
543 932 692 1014 017an
725 931 872 1007 sectandi
898 932 1052 993 desideria
1078 934 1182 993 tollunt
1203 936 1333 994 minutae
1354 943 1383 995 et

277 1051 358 1109 latae
379 1065 445 1109 urm
463 1052 596 1133 polemo.
640 1044 791 1111 Similiter
812 1065 851 1109 eo
873 1046 944 1109 loeo
966 1045 999 1111 in
1026 1066 1089 1131 quo
1110 1018 1195 1113 nuno
1216 1068 1382 1113 versemur
1458 1076 1463 1083 ·

277 1184 297 1228 a
318 1161 498 1226 coclearum
521 1162 665 1227 efficacia
686 1161 728 1225 ad
749 1163 875 1248 viperas
898 1162 1064 1228 commode
1085 1164 1245 1231 transitur.
1278 1164 1400 1240 Quom·

276 1281 382 1346 locum
393 1278 581 1345 Horduinus
595 1285 682 1344 reete
695 1279 850 1362 distinxit,
874 1280 940 1345 Sill.
952 1283 1047 1346 Ianus
1058 1281 1104 1346 ite
1118 1263 1383 1367 interpunxerunt

276 1404 351 1483 post
371 1418 400 1465 v.
424 1401 586 1461 edomata
612 1396 751 1481 (5128)
776 1405 811 1462 ut
833 1397 968 1483 intelligi
990 1384 1382 1487 nequent.x0eterumrvv.

275 1515 469 1600 ,loricaeque
487 1513 655 1579 eandidae‘
676 1518 843 1601 genetiros
865 1535 938 1579 esse
961 1536 1024 1583 non
1047 1521 1096 1579 est
1117 1515 1203 1602 quod
1224 1537 1382 1583 moneam.

707 1638 772 1710 131
796 1668 828 1697 --
846 1636 961 1724 tito.

326 1768 460 1842 Putant
486 1773 522 1841 et
554 1772 610 1840 ter
636 1765 906 1842 circumductas
933 1789 1006 1845 ovo
1040 1766 1200 1869 perdicis
1225 1772 1288 1851 aut
1311 1824 1319 1842 .
1342 1818 1382 1840 ..

328 1921 405 1976 non
432 1896 597 1974 inclinari
628 1904 859 1991 (mammas).

1402 1582 1465 1651 878

361 2050 441 2115 Avis
464 2068 580 2113 nornen
603 2049 763 2116 excidisse
785 2048 852 2115 Sill.
875 2030 1109 2129 animadvertit,
1131 2068 1150 2112 e
1170 2070 1268 2114 sensu
1289 2068 1383 2135 sups-

276 2167 479 2234 riore·laoile
500 2168 641 2253 suppleri
663 2179 701 2231 ot
708 2174 718 2232 i
725 2172 784 2232 dis
806 2187 870 2231 non
892 2166 981 2233 vidit.

577 2299 581 2307 ’
687 2291 757 2364 133
781 2308 822 2341 =
852 2289 969 2375 14,46.
1166 2292 1170 2299 ’
1406 2308 1467 2377 679

330 2417 489 2513 Quidam
515 2420 551 2494 in
577 2419 734 2496 heminis
752 2418 868 2495 tribus
881 2418 953 2495 olei
972 2418 1196 2516 discoquunt
1211 2418 1384 2519 viperam,

330 2552 514 2652 exemptis
540 2553 687 2629 ossibus
715 2550 857 2652 psilotri
884 2553 966 2627 vice
995 2556 1153 2628 utuntur.

366 2703 504 2789 Viperae
532 2722 607 2767 ossa
628 2708 801 2789 antequam
834 2701 978 2788 discoqui
1006 2702 1148 2787 eoeperit
1181 2701 1277 2765 eximi
1311 2722 1386 2765 oon·

279 2828 471 2887 sentaneum
494 2828 561 2902 est,
597 2820 741 2886 discocto
763 2820 892 2886 demum
914 2827 948 2885 et
969 2821 1044 2884 trita
1065 2821 1113 2884 uti
1132 2819 1250 2886 licebit.
1293 2819 1386 2894 Quod

277 2961 377 3028 quum
399 2939 481 3004 Plin.
503 2939 694 3003 Valerianus
717 2939 775 3003 III.
798 2939 839 3006 52
867 2938 916 3001 his
946 2938 1052 3003 uerbis
1074 2936 1230 3002 docuerit:
1265 2937 1387 3022 ,vipera

279 3058 440 3142 exemptis
462 3057 587 3122 ossibus
613 3100 650 3109 -
673 3057 870 3142 discoquitur
892 3062 925 3123 et
949 3056 1071 3119 teritur‘
1096 3055 1152 3118 rel.
1185 3053 1389 3120 scribendum

279 3197 354 3242 esse
366 3175 524 3262 sequitur:
547 3180 680 3254 viperam
692 3181 836 3256 exemptis
854 3178 981 3256 ossibus,
1003 3178 1164 3252 triceps.
1186 3172 1241 3238 rel.
1264 3170 1387 3236 Eodem

279 3300 412 3377 auctore
434 3312 510 3356 mox
532 3313 590 3357 sor.
615 3300 715 3376 ‚primi
733 3295 862 3374 portus}
889 3310 892 3317 ’

615 3461 1033 3556 137et138=15An
1324 3473 1325 3478 Ν
1409 3457 1472 3525 oso

331 3592 474 3668 Ramisi
487 3591 677 3668 infantium
685 3590 822 3668 lacerta
833 3590 973 3668 mederi
987 3589 1131 3682 iubent3
1147 3585 1388 3663 maremhanc

330 3725 483 3826 prendi3
509 3722 676 3823 intellegi
696 3782 726 3801 ..
745 3783 753 3797 .
774 3723 815 3800 ld
834 3723 1020 3823 agendum
1046 3727 1085 3798 ut
1112 3743 1179 3823 per
1204 3742 1387 3795 anrnm-
1465 3749 1474 3756 ·

333 3859 501 3936 mordeat
528 3857 674 3951 vitinm3
710 3866 785 3933 tum
813 3857 848 3931 in
876 3855 992 3931 calice
1020 3877 1118 3932 novo
1143 3852 1318 3951 illigatur,
1352 3851 1387 3925 in

332 3992 434 4068 fumo
461 3990 620 4090 ponitur.

387 4122 582 4186 Infinitivum
599 4128 674 4204 poni
696 4120 788 4185 oodd.
808 4119 971 4201 exhibent,
1014 4139 1057 4182 so.
1080 4123 1182 4181 intrent
1202 4117 1321 4202 optime
1343 4121 1390 4213 at·

283 4261 348 4328 que
370 4239 457 4304 haud
479 4246 666 4304 cunctanter
697 4237 930 4324 recipiendum
959 4240 1092 4314 liliputer
1114 4235 1204 4299 enim
1233 4236 1265 4298 in
1294 4235 1391 4320 parti-

282 4360 402 4445 cipium
434 4358 551 4424 mutari
574 4355 693 4421 debere
727 4356 804 4420 loeis
828 4354 995 4417 simillimis
1018 4353 1129 4434 §.135
1153 4374 1221 4440 sqq.
1246 4351 1390 4417 efficitur.

283 4477 376 4552 Quae
400 4481 506 4539 autem
529 4480 603 4560 post
623 4496 653 4538 v.
676 4478 710 4537 id
728 4473 895 4538 interiecta
908 4475 993 4552 suut,
1016 4476 1207 4534 structuram
1220 4468 1388 4559 verborum

284 4614 350 4658 non
370 4591 526 4677 impedire
548 4611 659 4655 omnes
681 4591 821 4654 sentient
842 4589 896 4674 qui
917 4587 1049 4651 verbum
1064 4607 1128 4651 esse
1142 4608 1164 4667 a,
1173 4587 1277 4651 Plinio
1293 4606 1391 4671 saepe

283 4713 389 4777 omitti
402 4709 614 4774 meminerint.
714 4765 719 4771 ,
