3700 5625
431 747 493 816 189

507 560 570 632 ttt
967 561 1157 634 aaran

964 751 1164 848 fflaezb

649 887 691 976 in
718 889 790 1001 q'ua
816 885 1149 980 sententia'fuisre
1175 902 1418 982 Aristotelem
1452 903 1559 982 video
1582 915 1613 979 et

511 1053 514 1060 '
558 1036 680 1112 multis
712 1011 946 1137 persuasisse
978 1011 1146 1116 doctrina
1178 1037 1397 1140 indignis.
1456 1039 1539 1116 Nec
1563 1063 1612 1114 me

558 1173 726 1274 protinus
751 1173 839 1252 huic
866 1175 1029 1279 opinioni
1052 1205 1184 1256 eorum
1209 1179 1391 1256 accedere
1418 1178 1522 1258 haud
1552 1177 1614 1254 dis·

557 1310 704 1408 simulo,
731 1313 903 1416 quoniam
928 1322 992 1391 rel.

590 1464 640 1532 lta
658 1463 806 1551 Silligius
828 1487 848 1534 e
869 1467 980 1554 codd,
997 1485 1139 1555 quorum
1156 1468 1394 1536 tamenRetd
1414 1487 1521 1554 quum
1542 1464 1613 1530 scri

508 1583 590 1648 bunt
614 1582 670 1649 vel
698 1582 899 1674 iodipuisllſjls
924 1585 979 1653 vel
1004 1583 1191 1676 mmmm
1204 1585 1342 1673 atiquo
1372 1586 1407 1652 iu
1434 1583 1614 1668 archetypo

509 1697 661 1770 defuisse
679 1699 863 1786 declarant,
885 1703 1065 1788 genitivum
1080 1702 1367 1772 doetrimbabet
1382 1705 1417 1786 d,
1439 1703 1615 1773 aarum

508 1841 536 1888 r.
578 1819 622 1884 Et
640 1816 813 1888 Barbarus
835 1821 967 1907 quidem
992 1843 1011 1887 e
1033 1843 1171 1888 suorum
1190 1819 1349 1888 librorum
1369 1822 1524 1888 lectione
1543 1840 1614 1884 oon-

508 1941 634 2006 iectura
654 1939 765 2006 effecit
786 1939 957 2006 doctr-ime
975 1939 1195 2028 iadupinibus,
1217 1942 1307 2028 quod
1324 1940 1428 2027 vulgo
1451 1947 1613 2022 receptum

508 2072 570 2125 eat.
614 2057 740 2125 Verum
761 2070 887 2125 tantum
909 2059 1008 2124 abest
1028 2070 1065 2124 ut
1086 2060 1259 2146 „indugo“
1279 2060 1368 2123 idem
1391 2057 1561 2144 significet
1578 2074 1613 2118 ac

506 2177 794 2258 ‚‚dernonstratio“
816 2178 890 2243 sive
913 2184 1209 2262 ,‚argumentum“,
1241 2189 1278 2242 ut
1300 2198 1345 2243 no
1372 2179 1414 2244 de
1444 2175 1613 2258 iuvestiga-

508 2295 599 2362 tione
621 2295 752 2382 quidem
774 2293 826 2361 vel
847 2294 1059 2381 inquisitione
1089 2292 1252 2388 translato
1281 2313 1384 2360 serrsu
1408 2313 1430 2360 a
1452 2293 1614 2362 veteribus

508 2417 730 2500 scriptoribus
763 2426 961 2500 usurpetur,
1000 2413 1042 2483 es.
1065 2413 1259 2481 Boetticher
1281 2411 1366 2481 Lex.
1393 2412 1509 2481 Tacit.
1541 2431 1569 2477 s.
1586 2431 1612 2474 v.

507 2534 639 2600 Deinde
661 2534 757 2599 brevi
775 2534 1065 2620 argumentatione
1082 2533 1185 2600 utitur
1199 2531 1406 2609 Aristotelea
1425 2530 1516 2600 llist
1527 2529 1613 2594 auin.

506 2651 638 2718 ·Vlll.‘l.
662 2649 957 2717 nullisdoctrinae
977 2649 1154 2716 luminibus
1178 2652 1346 2719 distinctu.
1381 2649 1457 2716 llis
1483 2648 1613 2717 efficitur

509 2771 678 2859 vulgatum
701 2771 902 2857 scripturam
923 2770 1181 2858 interpolatione
1204 2775 1311 2839 ortam
1328 2791 1423 2849 esser
1443 2790 1546 2859 quam
1565 2789 1612 2834 au·

381 2942 384 2947 ,
510 2904 575 2958 ten
590 2890 737 2975 Silligius
751 2893 890 2975 recepit,
911 2908 958 2956 ue
976 2890 1050 2975 ipse
1071 2891 1204 2977 quidem
1216 2892 1325 2957 ualde
1344 2892 1529 2957 absurdam
1544 2906 1611 2954 esse

508 3011 657 3097 negabit.
690 3009 884 3095 'lantepero
894 3011 1027 3096 despici
1047 3012 1140 3077 viros
1162 3012 1297 3098 doctos,
1319 3012 1611 3098 quodopiuioucm

508 3149 607 3217 quam
633 3149 677 3195 ne
703 3127 829 3193 Plinius
860 3129 994 3214 quidem
1023 3129 1053 3216 §.
1073 3127 1124 3196 19.
1151 3127 1275 3197 ialsstu
1306 3131 1482 3217 appellare
1512 3130 1610 3203 sudet,

507 3250 550 3316 ab
574 3246 758 3319 Aristotele
785 3260 1009 3337 acceperant,
1042 3260 1079 3315 ut
1105 3249 1232 3337 indigui
1260 3252 1414 3319 doctrina
1440 3246 1611 3320 vocentur!

508 3368 596 3445 Quid
618 3368 741 3433 multa‘l
763 3366 940 3455 legendum
962 3380 1015 3435 est
1036 3368 1158 3436 lacuna
1178 3370 1338 3436 librorum
1360 3373 1444 3439 Mss.
1468 3371 1609 3461 expleta:

654 3522 697 3535 -
717 3483 828 3549 multis
846 3486 1048 3573 persuasisse
1067 3486 1219 3551 doctrino
1240 3489 1476 3577 insignibus.

590 3640 626 3703 ln
648 3641 866 3724 sequentibus
889 3660 1136 3727 nonnumquam
1160 3664 1182 3707 a
1205 3644 1333 3729 Silligio
1355 3645 1509 3711 discedo.
1538 3644 1610 3709 Nan

508 3771 541 3826 et
563 3758 656 3848 §.aa
679 3768 771 3824 recte
791 3756 982 3824 Herduinus
1004 3760 1195 3844 explicasse
1218 3763 1359 3840 videtur,
1379 3773 1412 3826 et
1429 3763 1459 3851 §.
1473 3760 1525 3830 33.
1547 3763 1608 3827 sine

508 3878 608 3945 dubio
629 3874 722 3942 lusio
744 3876 821 3940 sinu
843 3893 917 3941 curn
933 3873 1086 3943 Barbara
1109 3877 1287 3963 legendum
1309 3892 1375 3956 est,
1399 3883 1556 3967 quoniam
1576 3879 1609 3942 do

507 3984 629 4064 Cariae
650 3997 733 4062 urbe
752 3994 844 4081 loqui
869 3980 1007 4059 Plinium
1029 3997 1181 4079 proximo
1210 4000 1391 4063 emrutieto'
1405 3985 1609 4065 'demonstra-

495 4123 567 4182 'tur.
620 4108 847 4184 Sicnt'aut'enr
869 4112 924 4181 hio
945 4117 978 4179 in
998 4115 1060 4181 Ru
1089 4102 1212 4200 legitur
1242 4117 1340 4182 lautio
1360 4104 1554 4204 vellaria,
1572 4117 1609 4180 ita

507 4232 662 4300 xxxvl.
676 4232 725 4303 13.
746 4242 840 4301 recte
861 4234 894 4298 in
918 4234 970 4299 Rd
993 4233 1089 4320 Iasii,
1111 4235 1144 4300 in
1165 4238 1296 4303 ceteris'
1311 4238 1408 4303 Lusii
1426 4240 1591 4306 scribitur.

557 4362 590 4487 ς.
605 4381 658 4464 36.
687 4400 765 4465 ιιιιιι
795 4376 970 4467 adnatare
994 4363 1247 4493 leviterque
1274 4391 1427 4498 singulis
1455 4366 1588 4482 ternos.

528 4610 532 4623 .
583 4556 998 4631 recommendamus
1020 4526 1164 4637 unum
1188 4557 1317 4630 tentor.
1338 4561 1534 4631 utut-enm
1553 4562 1609 4630 ue-
