3700 5625
471 719 517 788 40
912 719 1002 784 liber
1022 721 1129 785 XVII.

471 919 615 1005 liugnam
648 918 807 983 convertit
835 916 880 983 11.
901 915 985 1003 pV
1018 916 1187 999 conicitur,
1222 920 1410 996 intedeuetru
1437 914 1476 980 ob
1494 914 1562 980 Iunc

471 1036 659 1118 restituitur,
683 1035 713 1120 S.
727 1035 791 1103 168
800 1036 885 1099 mole
896 1034 982 1098 idem
998 1033 1216 1118 ulueocripuit,
1236 1033 1322 1120 quod
1337 1053 1417 1097 rene
1429 1033 1462 1096 in
1482 1030 1563 1098 codd.

471 1153 535 1218 'l'd
553 1159 676 1236 exstet,
699 1125 758 1216 red
778 1153 850 1217 loco
871 1151 1004 1216 Cotoniu
1025 1171 1096 1236 cop.
1117 1151 1159 1217 43
1178 1149 1351 1234 refellitur3
1372 1169 1477 1234 neque
1496 1147 1564 1212 illud

471 1270 608 1358 probare
628 1287 777 1356 porrum,
815 1268 901 1354 quod
922 1270 951 1352 ξ.
973 1267 1035 1336 170
1061 1268 1199 1332 lectione
1233 1267 1356 1352 egregii
1391 1265 1506 1331 ecdicio
1525 1265 1565 1328 D²

471 1395 582 1474 upretu
600 1405 667 1451 non
689 1391 839 1467 transtris,
860 1392 897 1450 ut
918 1385 995 1468 Sili,
1018 1385 1076 1449 red
1097 1391 1167 1448 ιιιιὶι
1189 1381 1299 1448 edidit
1331 1374 1451 1449 Verum
1472 1402 1566 1468 poene

471 1504 590 1570 oblitos
610 1524 698 1569 erum
719 1523 772 1568 me
791 1523 858 1567 nou
877 1498 1050 1583 lr‘ororum,
1072 1503 1127 1588 qui
1148 1501 1254 1566 edhuc
1274 1500 1477 1587 prodierunt,
1499 1519 1565 1564 con·

472 1640 578 1686 rorem
601 1641 700 1707 ogere
721 1621 779 1685 ned
800 1627 995 1686 cornutum
1015 1619 1104 1684 locos
1118 1619 1305 1684 mactandos
1327 1618 1475 1704 elegisse,
1496 1636 1566 1703 qno·

470 1759 542 1803 rum
565 1759 673 1802 verum
699 1739 871 1804 lectionem
903 1737 1040 1824 primum
1061 1736 1220 1821 reperiere
1249 1736 1327 1802 milri
1349 1736 1469 1803 ridear.
1511 1735 1567 1799 Itu·
1608 1807 1610 1812 ,

472 1877 535 1944 que
555 1853 598 1921 od
618 1855 653 1920 id
674 1853 760 1942 quod
781 1855 860 1920 mihi
878 1874 1111 1941 proposueram
1132 1837 1239 1921 redeo.

390 2026 454 2094 324
891 1997 962 2069 176
976 1996 1156 2083 22235.

519 2122 561 2198 Id
584 2128 780 2222 utrumque
793 2123 950 2201 fructum
969 2125 1124 2216 tardum,
1149 2130 1340 2224 praeterea
1358 2121 1567 2200 retorridum

520 2241 768 2332 et'nodosum
793 2255 916 2334 reddit
940 2256 1180 2357 pumilionum
1212 2258 1452 2353 incremento.

553 2386 675 2451 Vitium
696 2388 730 2450 in
753 2387 815 2452 hec
836 2388 974 2452 lectione
1006 2388 1113 2453 inesse
1134 2395 1297 2476 putorem,
1332 2387 1458 2452 etiamsi
1487 2385 1567 2452 codi-

471 2523 543 2569 cum
570 2506 646 2570 Mos.
681 2505 871 2570 auctoritate
900 2505 1156 2591 confirmaretur3
1193 2526 1297 2592 neque
1333 2505 1418 2568 euim
1442 2503 1567 2568 ‘fructus

470 2622 646 2687 retorridus
663 2630 696 2688 et
716 2621 858 2686 nodosus
876 2629 936 2707 eut,
959 2623 1017 2687 uod
1032 2625 1136 2708 orbor,
1158 2631 1191 2689 et
1206 2623 1398 2712 pronomina
1409 2621 1568 2687 coniuncte

471 2738 650 2827 displicent.
670 2739 741 2803 Ium
762 2760 837 2805 vcro
850 2739 1023 2829 longeoliu
1040 2741 1167 2806 codices
1181 2740 1347 2828 praebent,
1369 2739 1423 2827 qni
1444 2737 1567 2804 verbum

470 2863 572 2922 reddit
592 2857 742 2922 omittunt
764 2864 796 2921 et
817 2865 964 2940 utrimque
985 2859 1336 2943 scribunt,·rcoiiooime
1362 2857 1449 2923 haud
1470 2854 1566 2921 dubio.

471 2980 513 3040 Id
539 2996 582 3041 uo.
615 2975 696 3039 ratio
725 2967 833 3039 eoium
857 2978 910 3061 qui
945 2986 1001 3041 cut
1022 2979 1168 3063 proximo
1196 2997 1279 3041 anno
1312 2976 1411 3041 vitem
1445 2981 1567 3059 tangere
1650 3032 1651 3061 ἶ

471 3098 583 3158 vetunt
605 3100 661 3156 eut
681 3100 794 3178 quarto
817 3092 946 3158 demum
968 3094 1010 3158 ed
1032 3096 1142 3180 iugum
1164 3093 1360 3181 perducunt,
1389 3098 1531 3173 utrimque
1550 3090 1566 3155 i.
1650 3067 1651 3105 ¹

472 3230 500 3275 e.
522 3229 595 3274 cum
617 3209 657 3274 ub
678 3208 728 3273 hiu
749 3210 800 3275 vel
821 3210 883 3275 illis
904 3212 941 3276 fit
972 3210 1029 3279 lod
1052 3232 1146 3274 nsum
1168 3210 1311 3275 adverbii
1332 3210 1372 3276 cf.
1394 3210 1482 3276 VIII.
1504 3209 1566 3289 187,

470 3310 596 3408 ,fructu
626 3330 754 3420 turdum‘
799 3333 853 3405 (ut
895 3329 925 3414 ἓ.
958 3327 998 3396 59
1039 3328 1166 3393 tendum
1208 3335 1383 3413 proventu)
1429 3348 1473 3393 oc.
1514 3332 1566 3406 cst,

469 3456 630 3525 praetereo
647 3451 842 3523 pumilionum
863 3451 1045 3511 incremento
1067 3446 1087 3510 i.
1102 3464 1130 3510 c.
1145 3466 1217 3511 eum
1240 3445 1364 3510 arboris
1385 3444 1565 3532 pumiliones

472 3569 662 3627 accrescunt
691 3568 874 3627 retorridum
895 3575 925 3626 et
952 3568 1099 3627 nodorum
1122 3584 1165 3629 so.
1190 3568 1248 3627 est.
1290 3558 1447 3628 Neutrum
1470 3566 1565 3625 eutem

471 3678 623 3744 adiectivi
646 3678 792 3743 absolute
813 3680 958 3766 ponitur,
989 3679 1154 3746 utstatim
1184 3700 1256 3762 ,nec
1277 3685 1380 3744 tutum
1408 3686 1458 3745 est
1491 3674 1567 3765 quod
1604 3748 1611 3767 1

473 3796 715 3861 cicatricosum.‘
757 3796 998 3862 Eodem·modo
1026 3797 1140 3883 §.178
1165 3768 1336 3862 lectionem
1360 3796 1477 3863 codicis
1504 3798 1565 3859 eiu

473 3925 576 3979 eu‘ert
596 3927 712 3981 nutura
731 3934 795 3978 non
817 3933 890 3977 ecoe
912 3913 1126 4002 spernendam
1143 3915 1302 3997 existimo,
1325 3936 1422 4002 quum
1442 3931 1565 4001 proepo-

419 4004 446 4094 .’
473 4031 622 4095 sirionem
656 4037 688 4095 iu
721 4052 793 4096 cum
826 4030 966 4097 ablativo
1001 4032 1189 4118 saepissime
1221 4052 1241 4096 a
1268 4032 1372 4127 Plinio
1404 4029 1448 4096 ibi
1481 4030 1566 4095 etium

474 4147 624 4233 coniungi
645 4148 861 4232 meminerim,
891 4150 990 4215 ubie
1020 4149 1144 4237 vulgari
1173 4148 1241 4214 iere
1270 4148 1498 4214 consuetudine
1518 4143 1565 4209 ub·

1650 4478 1651 4513 l

1650 4564 1651 4603 l

473 4264 612 4347 horreat,
636 4266 676 4330 de
694 4286 757 4352 quo
780 4286 897 4352 genere
920 4268 986 4353 egit
1009 4256 1209 4354 Gresbergcr
1229 4289 1260 4352 p.
1282 4266 1323 4336 59
1346 4288 1424 4365 sqq..
1467 4312 1477 4361 3

390 4427 453 4495 ιιι
900 4376 1211 4495 187222‚35.'
1341 4499 1345 4508 ¹

525 4534 670 4613 Genera
695 4535 857 4636 separari
883 4559 928 4616 ao
954 4534 1111 4637 singulis
1135 4536 1283 4614 conseri
1307 4536 1484 4613 tractibus
1507 4530 1566 4609 uli·
1650 4520 1651 4543 ¹

523 4669 711 4748 tissimum.
