3700 5625
474 783 479 790 .
608 736 616 740 “
697 731 786 796 liber
801 733 930 796 XVIII.
1320 731 1360 801 61

273 926 372 991 meluit
385 932 512 1004 clauc&
538 931 699 1009 mensibus,
736 930 862 990 denario
889 931 935 990 tre
962 933 1069 992 autem
1097 929 1188 1012 quasi
1215 929 1363 1014 suppleta

275 1065 298 1108 v.
321 1042 441 1128 ,digito‘
459 1043 552 1108 idem
585 1042 670 1129 quod
702 1048 871 1122 computari
897 1062 969 1107 esse
998 1049 1090 1129 putat
1125 1044 1211 1129 quod
1238 1043 1362 1110 idoneis

274 1159 414 1244 exemplis
434 1160 563 1245 probari
579 1149 708 1225 uellem.
751 1160 883 1224 Interim
911 1159 993 1225 baec
1022 1160 1119 1225 verba
1146 1163 1193 1227 ita
1219 1161 1362 1226 dividere

274 1283 402 1360 praestat
436 1283 473 1340 ut
505 1277 635 1341 ultimae
662 1277 775 1360 prioris
805 1277 932 1341 litterae
962 1276 1004 1342 ad
1030 1279 1165 1344 alterum
1185 1278 1364 1343 referantur

276 1393 453 1478 expletaque
474 1392 590 1457 lacuna
612 1394 784 1459 scribatur:

308 1514 406 1574 dicbus
427 1515 559 1575 tadonis
579 1515 688 1574 redde.
847 1481 854 1493 ⁸
1275 1585 1278 1598 Ι

277 1626 432 1712 0111118.
454 1627 516 1694 195
547 1627 693 1692 codicum
713 1629 870 1714 scriptura
891 1639 920 1692 et
941 1635 972 1692 in
1000 1651 1060 1696 uno
1089 1637 1216 1696 omnium
1242 1636 1364 1709 definita

275 1751 414 1823 omerotto
448 1759 493 1810 est
522 1747 671 1831 vulgatae
700 1758 729 1810 et
749 1725 791 1792 ζ
811 1763 921 1825 uenere
954 1753 1036 1810 rotie
1068 1760 1111 1812 es!
1143 1747 1230 1812 haud
1269 1748 1364 1813 dubie

206 1902 208 1917 ·
276 1861 471 1946 praeierenda
492 1870 551 1946 est,
572 1865 690 1950 quippe
712 1883 795 1949 quae
810 1862 1023 1948 Tbeopbrasti
1045 1863 1143 1928 verba
1160 1863 1249 1929 VIII.
1273 1869 1322 1932 11.
1345 1869 1364 1932 5

206 1984 207 2021 ³
274 1985 334 2062 βίος
351 1982 413 2070 γάρ
445 1976 537 2048 ἔστιν
561 1975 714 2056 ἑκάστοις
748 1976 934 2064 decepture
964 1979 1048 2068 πρὸς
1083 1981 1184 2069 γονήν
1216 1988 1364 2046 accurate

206 2093 207 2141 ἶ
276 2098 427 2182 exprimat
468 2096 554 2162 Num
574 2102 683 2161 tamen
711 2096 840 2161 omnino
869 2097 994 2162 sincera
1015 2097 1074 2178 sit,
1111 2096 1221 2163 dubito
1252 2104 1284 2162 et
1303 2119 1363 2162 uno

206 2222 207 2253 ³
274 2199 389 2280 obuium
406 2216 441 2280 in
461 2222 629 2280 sumamma
650 2219 776 2280 111ιηί111
797 2213 914 2278 mutari
935 2213 1039 2279 velim.

624 2407 707 2480 213.
736 2407 792 2478 14.
822 2426 852 2452 2-
883 2408 1004 2491 25,57.

314 2597 354 2608 --
390 2577 565 2632 occasum
607 2551 823 2631 matutinum
862 2549 1098 2651 vergiliarum
1137 2595 1185 2612 --
1223 2553 1364 2628 Anaxi-

312 2685 461 2765 mander
486 2685 670 2785 vigesimo
702 2706 801 2762 nono
841 2683 923 2778 (die
956 2685 1002 2761 ab
1030 2685 1265 2784 aequinoctio
1292 2692 1364 2760 tra·
1407 2719 1408 2726 ¹

312 2819 401 2896 didit
425 2819 532 2913 fieri),
558 2818 764 2897 Euctemon
791 2816 957 2894 XLVIII.

336 2957 375 3017 X.
398 2957 472 3019 XX.
495 2973 525 3036 a,
547 2956 671 3017 XXXI.
693 2951 793 3016 schol.
817 2952 979 3035 German„
1001 2951 1148 3036 quicum
1170 2952 1289 3036 optimo
1312 2972 1363 3015 eo·

274 3067 332 3133 dice
354 3071 396 3148 (si
417 3076 525 3135 tamen
545 3070 578 3133 in
599 3068 680 3133 libro
701 3068 845 3151 plurimis
862 3070 949 3135 uitiis
971 3069 1186 3133 contaminato
1209 3067 1249 3131 de
1270 3067 1363 3132 bouis
1450 3126 1452 3131 .

274 3187 422 3251 codicibus
452 3189 541 3273 loqui
561 3188 655 3267 licet)
685 3184 772 3249 nulla
802 3183 870 3249 fere
898 3162 1150 3271 transpositione
1174 3184 1260 3249 facta
1288 3206 1363 3250 con·

274 3306 373 3371 malit:
416 3306 527 3391 itaque
560 3325 710 3369 uumerus
731 3299 848 3371 XXIII
884 3304 1016 3389 uulgata
1036 3302 1174 3367 lectione
1209 3309 1362 3387 praestat.

274 3417 452 3487 Ultimomm
480 3422 649 3487 verborum
676 3422 824 3487 lacunam
850 3390 1035 3486 Boeckhiub
1067 3420 1100 3484 iu
1130 3419 1211 3485 libro
1248 3419 1363 3485 doetis-

275 3539 341 3604 simo
363 3561 427 3625 quo
449 3540 490 3605 de
511 3540 661 3604 universo
682 3540 754 3606 boo.
775 3559 894 3626 genere
916 3537 984 3625 egit
1010 3537 1107 3616 (liber
1128 3537 1180 3603 die
1201 3537 1363 3624 vierjbhri·
1428 3600 1432 3605 .

214 3689 218 3699 ·
275 3676 325 3739 geu
351 3658 590 3724 Sonneukreise
629 3658 686 3723 der
711 3644 831 3737 Alter)=
870 3680 901 3743 p.
928 3658 970 3725 86
1004 3662 1091 3721 recte
1129 3656 1174 3720 sic
1207 3656 1362 3741 explevit3

276 3777 423 3841 tartesson
443 3781 523 3841 XII
528 3781 565 3858 V,
600 3781 748 3856 Eudorus
769 3780 824 3841 XL
832 3779 919 3839 VIII.
942 3775 971 3860 S.
993 3774 1056 3841 220
1083 3794 1155 3837 cum
1186 3771 1276 3837 codd.
1299 3794 1319 3838 a
1341 3774 1361 3837 d

275 3903 346 3956 come
371 3894 528 3975 babeant,
566 3894 762 3979 singularem
783 3905 899 3957 noctem
926 3891 1074 3979 praefero
1097 3891 1238 3973 itemque
1264 3891 1360 3975 paulo

276 4017 337 4073 sate
357 4017 491 4079 accubo
511 4012 545 4075 in
566 4018 647 4077 nocti
668 4010 856 4078 mutandum
879 4032 952 4076 esse
974 4010 1128 4092 arbitror,
1151 4008 1360 4093 depravatum
1408 3988 1412 3994 ⁵

277 4126 380 4194 scilicet
400 4130 567 4213 pluralium
588 4128 761 4193 vicinitate.

667 4251 747 4376 131>
766 4311 799 4341 --
825 4285 948 4372 acac.
1303 4276 1309 4287 ’
1382 4302 1442 4370 335

316 4410 538 4494 Democritus
563 4412 675 4492 talem
696 4414 854 4489 futuram
868 4412 1029 4489 hiemem
1044 4412 1247 4503 arbitratur,
1273 4432 1361 4510 qua·
1442 4496 1444 4501 ¹

317 4542 357 4621 lis
379 4549 485 4625 tuerit
500 4547 650 4624 brumae
675 4546 756 4622 dies
842 4588 872 4601 »-
892 4546 980 4621 item
998 4545 1156 4623 solstitio
1170 4551 1358 4621 aestatem.

310 4674 438 4745 Verbum
447 4684 521 4766 post
531 4689 677 4778 aestatem
684 4686 763 4764 puto
778 4674 946 4759 excldisse,
969 4682 1122 4742 declarari
1145 4677 1196 4741 vel
1217 4681 1359 4758 indicari.

1384 2465 1446 2534 364
