3700 5625
733 753 821 814 sacer
843 753 915 813 rr.
1335 749 1377 839 ss
1467 791 1471 796 .

282 954 382 1032 aperte
406 947 659 1033 corruptumst,
681 943 791 1032 quidni
813 945 989 1030 Apuleium
1003 945 1109 1030 potius
1131 965 1302 1030 sequamur
1322 948 1377 1033 qui

281 1066 380 1130 scribit
402 1085 429 1130 c.
449 1087 481 1146 p.
503 1070 620 1129 maiora
642 1069 681 1128 de
700 1067 804 1128 eodem
825 1069 871 1127 oia
891 1075 944 1128 est.
967 1062 1276 1164 atque-scribamus:

281 1253 286 1260 p
315 1203 339 1246 c.
361 1189 460 1249 maior
482 1187 531 1246 od
550 1187 684 1246 eodem
705 1187 760 1246 uis
783 1190 835 1245 est.

206 1444 207 1449 Ν
432 1438 438 1442 .
494 1339 556 1425 51⁶
567 1373 606 1407 =
634 1352 729 1438 6,23.
769 1348 840 1439 (de
864 1344 935 1422 alio
963 1345 1158 1444 loquitur).

206 1474 207 1479 ‘
323 1476 419 1573 Quin
447 1489 484 1557 et
514 1482 638 1558 suslitu
665 1485 737 1581 [co]
765 1478 912 1556 evocari
950 1480 1135 1556 secundas
1154 1488 1287 1581 parius
1314 1507 1379 1558 ex·
1423 1505 1430 1518 ·

323 1612 458 1690 istimat
484 1613 742 1716 Hippocrates.

355 1745 465 1810 Alium
480 1753 559 1832 potu
580 1745 651 1811 cibo
674 1745 755 1810 illitu
777 1744 897 1809 vomitu
918 1742 1071 1829 prodesse
1088 1742 1274 1828 tradiderat,
1296 1767 1379 1812 nunc

280 1864 371 1927 etiam
393 1863 504 1928 suffitu
525 1838 607 1928 utile
625 1884 697 1929 esse
718 1869 875 1927 narratur.
909 1861 1046 1926 Molesto
1063 1860 1161 1948 igitur
1181 1863 1379 1945 pronomine,

280 1999 335 2064 quo
359 1979 503 2066 duplices
526 1981 644 2046 diversi
665 1981 792 2067 generis
810 1978 942 2044 ablativi
963 1977 1172 2061 cumulantur,
1196 1999 1233 2042 eo
1256 1979 1379 2044 facilius

280 2115 430 2182 caremus,
454 2099 605 2184 quoniam
624 2118 690 2168 non
712 2099 775 2164 alio
798 2097 856 2161 sed
878 2093 987 2161 suffitu
1000 2096 1054 2160 alii
1076 2095 1237 2160 secundae
1254 2099 1380 2162 evocari

215 2225 220 2237 '
282 2213 434 2283 dicuntur.
478 2216 572 2291 Quod
593 2237 691 2298 quum
713 2215 799 2302 apud
821 2214 992 2301 Apuleium
1020 2234 1084 2278 non
1105 2214 1231 2299 legatur
1246 2224 1381 2300 atquae

280 2335 429 2417 proximis
450 2334 564 2400 litteris
579 2355 635 2398 euo
656 2334 689 2398 in
703 2333 795 2399 codd.
817 2333 987 2417 repetitum
1009 2331 1164 2415 videatur,
1187 2333 1314 2398 omnino
1327 2334 1381 2400 de·

278 2420 404 2515 landum
438 2453 507 2517 erit.
550 2451 672 2516 Eodem
704 2458 834 2517 auctore
867 2452 896 2534 ξ.
916 2450 965 2546 Ι52
996 2449 1156 2533 passivum
1184 2459 1383 2529 parperiam-i

281 2569 426 2655 vulgatae
449 2569 553 2634 activo
575 2569 739 2652 praefero,
760 2570 839 2634 item
861 2569 890 2651 ξ.
912 2567 953 2633 58
980 2574 1043 2631 eius
1066 2568 1193 2646 omitto,
1223 2590 1296 2634 nem
1320 2572 1381 2636 Pli-
1453 2571 1455 2580 ’
1483 2602 1488 2622 1

205 2772 207 2777 ⁴
282 2687 349 2750 nius
383 2687 466 2752 sicut
487 2688 516 2770 ξ.
538 2685 578 2754 59
605 2707 700 2765 oenus
723 2700 768 2751 est
787 2691 871 2764 qaod
952 2699 1060 2750 vocant
1088 2688 1230 2774 scripsit,
1258 2689 1304 2752 ita
1330 2688 1382 2752 hic

256 2826 370 2884 ‚oensis
390 2826 483 2885 quom
503 2810 660 2885 copmnam
680 2815 790 2905 vocant
809 2804 929 2870 dixisse
949 2804 1110 2891 putandus
1134 2813 1184 2871 est

1317 1260 1460 1336 ι425

361 2978 409 3048 65
428 2976 577 3061 3736.
623 2967 690 3063 (dc
716 2968 871 3047 lactucis
898 2970 1026 3047 salivis
1052 2995 1173 3050 sermo
1202 2979 1294 3066 est).
1332 2992 1340 3002 ·
1403 2948 1465 3016 4²⁶

327 3102 537 3181 stomachis
577 3100 766 3180 dissolutis
794 3103 984 3180 utilissime
1018 3103 1239 3182 adiuvantur
1273 3108 1309 3182 iu
1337 3130 1382 3184 eo

330 3257 399 3313 usu
426 3242 463 3311 ct
488 3236 645 3336 oxypori
664 3233 796 3313 obolis,

368 3368 419 3433 Ita
461 3366 602 3453 Silligius
644 3366 808 3454 vulgatam
850 3368 1021 3434 lectionem
1062 3375 1208 3435 stomachi
1249 3375 1386 3435 dissoluti

281 3489 430 3549 utilissime
464 3490 660 3549 adiuvantur:
703 3492 734 3550 in
761 3506 797 3550 eo
827 3508 882 3551 asu
903 3485 959 3551 rel.
987 3503 1005 3547 e
1037 3484 1200 3549 codicibus
1236 3487 1383 3570 correxit,

284 3622 378 3667 unum
401 3601 552 3688 neglexit.
587 3603 780 3669 Subiectum
795 3605 879 3668 enim
903 3603 992 3669 verbi
1014 3602 1180 3686 ,homines‘
1203 3624 1275 3667 esse
1296 3608 1385 3668 ratus

283 3724 473 3785 structruam
496 3742 609 3787 sensus
631 3721 725 3789 valde
743 3722 931 3807 impeditam
952 3721 1099 3786 reddidit.
1120 3720 1278 3786 Homines
1301 3724 1384 3787 enirn

286 3840 405 3923 aegroti
426 3849 583 3924 nusquam
611 3846 915 3923 commemorantur,
949 3832 1066 3925 neque
1080 3840 1209 3922 ,utiliter
1232 3840 1386 3905 adiuvari‘

206 3980 207 3986 ¹
284 3952 364 4019 bene
390 3955 540 4020 dicuntur
566 3978 670 4043 neque
700 3958 737 4040 ,is
763 3960 852 4021 sssus‘
880 3960 933 4043 qui
962 3960 1003 4022 ait
1031 3958 1234 4042 intelligitur,
1275 3966 1386 4024 contra

206 4082 207 4086 ’
285 4074 400 4159 optime
424 4080 456 4138 et
482 4076 572 4161 ipsae
596 4074 741 4140 lactucae
764 4076 936 4141 stomachis
964 4076 1058 4141 utiles
1079 4075 1131 4139 hic
1153 4083 1188 4141 ut
1210 4077 1238 4161 ἓ.
1260 4078 1301 4145 67
1330 4098 1385 4164 ap·

206 4189 207 4194 ’
285 4190 441 4273 pellantur
463 4192 549 4256 etin
572 4212 610 4258 eo
633 4214 693 4257 usu
707 4170 858 4279 oxyporo
882 4191 1025 4258 adiuvari
1047 4194 1203 4259 dicuntur.
1238 4194 1384 4260 Scriben-

287 4306 361 4371 dum
382 4315 431 4373 est
453 4309 564 4395 igitur·:

286 4483 294 4489 ,
328 4429 516 4492 Stomachis
536 4432 708 4492 dissolutis
726 4433 920 4493 utilissimae
935 4429 990 4493 rel.

721 4601 768 4672 69
794 4615 834 4652 =
858 4599 955 4685 827.

342 4726 495 4804 candida
522 4727 608 4804 bela
640 4734 747 4805 cocta
780 4735 817 4805 ct
852 4752 935 4805 cum
977 4728 1048 4805 alio
1089 4730 1204 4806 crudo
1244 4738 1388 4833 sumpta

1361 4538 1469 4637 Ι427
