3700 5625
709 760 800 823 core
820 760 974 823 XXXVI.
1333 756 1395 825 235

716 956 975 1044 lzroelooc.
1417 1002 1480 1072 '197

346 1084 537 1177 (Ferrum)
567 1084 721 1161 trahitur
744 1093 917 1185 magnete
955 1085 1079 1186 lepide
1105 1128 1164 1162 -.
1210 1082 1396 1163 sidenem

343 1218 391 1295 ob
431 1217 472 1293 id
513 1216 585 1293 alio
624 1218 772 1295 nomine
805 1226 961 1309 vocant,
1001 1217 1164 1316 quidam¹
1187 1215 1396 1294 Heraclion.

341 1348 495 1448 Magnes
520 1347 586 1425 rel.

374 1480 517 1544 Primum
538 1480 695 1566 particule
721 1500 851 1559 numque
871 1485 946 1566 post
970 1502 999 1547 u.
1023 1486 1256 1569 cabrer-quae
1277 1481 1398 1547 nonin

291 1599 322 1663 R
337 1598 359 1662 d
374 1598 499 1662 mutum
512 1598 571 1666 sed
583 1597 680 1662 etium
701 1596 942 1683 inBreperitrm
963 1598 1149 1663 restituetur
1171 1605 1306 1685 oportet,
1328 1604 1397 1663 bum

295 1722 460 1783 {laomen
480 1718 583 1781 altero
603 1716 739 1780 nomine
752 1714 914 1779 Gnaeum
936 1715 1035 1781 elium
1067 1734 1187 1800 genere
1221 1716 1322 1781 finisse
1343 1716 1398 1781 de·
1426 1778 1428 1785 .

291 1838 499 1917 meseum,
534 1839 631 1917 utque
646 1829 822 1918 ‘Ecclesiam
842 1835 939 1909 λίθος
961 1832 1001 1897 ab
1022 1832 1185 1920 Hesyebio
1206 1834 1398 1899 nomineeur.

292 1955 408 2039 ltaque
425 1954 610 2017 Heracliam
632 1955 781 2025 (cracem
802 1970 844 2012 un
864 1948 913 2028 R)
926 1950 1131 2016 scribendum
1152 1958 1211 2017 eet.

700 2100 985 2178 130=ibidem
1087 2182 1092 2189 ,
1418 2110 1481 2178 798

344 2235 455 2317 Alius
480 2236 607 2310 rursus
633 2232 670 2309 in
686 2233 817 2310 cadem
830 2230 1033 2335 Aethiopia
1057 2257 1131 2311 uon
1147 2234 1278 2336 procul
1291 2256 1398 2313 mous

321 2367 481 2472 ¹[giguit
521 2364 684 2469 lapidem
721 2363 946 2442 theamedeu
986 2366 1063 2465 qui]
1113 2367 1249 2448 ferrum
1289 2390 1398 2445 omne

345 2500 463 2600 abigit
488 2498 716 2603 respuitque.

376 2632 469 2709 Quae
499 2632 686 2697 inclusimus
707 2628 866 2695 vocabula
893 2626 980 2693 unde
1012 2628 1046 2694 in
1076 2632 1270 2695 recentiores
1302 2629 1399 2696 libros

295 2750 491 2838 irrepserint,
514 2748 634 2833 nescio,
657 2766 695 2811 cc
710 2746 812 2832 possit
829 2766 908 2810 seue
924 2741 1045 2834 aliquid
1067 2753 1141 2811 ente
1162 2768 1191 2813 v.
1215 2750 1328 2832 ,mons‘
1349 2746 1400 2814 vel
1497 2800 1501 2816 ,

292 2873 368 2955 posi
389 2865 527 2932 candem
548 2864 708 2930 excidisse
729 2863 840 2930 uideri.
863 2865 908 2929 At
929 2884 1027 2950 quum
1048 2864 1130 2950 lapis
1151 2865 1203 2930 ille
1221 2871 1254 2929 et
1269 2885 1400 2951 prorsus

291 2986 423 3072 ignotus
446 2983 488 3049 sit
514 2988 611 3068 etque
633 3003 673 3047 ne
701 2983 735 3046 in
756 2981 862 3046 indice
885 2979 1014 3066 quidem
1041 2981 1134 3046 huius
1157 2981 1230 3046 libri
1260 2982 1398 3069 reperie-

292 3109 362 3185 tur,
399 3101 477 3165 ortis
505 3106 635 3165 nostroe
663 3097 787 3186 legibue
814 3103 892 3186 puto
926 3097 1143 3163 condemnari.
1184 3099 1266 3163 'ium
1277 3089 1285 3110 ’“
1294 3101 1399 3188 ipsum

293 3219 374 3285 illud
406 3218 597 3284 venabulum
628 3235 713 3281 mons
743 3212 904 3302 lapidibus
935 3215 989 3280 rix
1014 3215 1138 3280 ridetur
1158 3222 1245 3282 recte
1271 3219 1399 3305 opponi,

295 3357 394 3424 quare
415 3335 574 3400 Isidorum
589 3334 713 3402 xvl.4
733 3340 863 3402 secutus
888 3334 998 3420 legere
1018 3334 1142 3398 malim:
1165 3339 1202 3398 Α.
1223 3356 1248 3443 '3
1271 3340 1291 3399 i.
1313 3354 1339 3399 c.
1362 3341 1398 3402 A.

290 3473 420 3534 moraes
436 3455 553 3532 ferum
573 3453 630 3518 rel
668 3449 781 3538 Neque
802 3453 887 3516 enim
909 3450 951 3516 de
971 3450 1084 3518 Indiae
1105 3457 1213 3519 monce
1236 3451 1296 3534 (II.
1317 3453 1397 3535 211)

210 3634 213 3641 .
293 3569 501 3658 cogitandum
523 3578 582 3635 est.

720 3725 839 3799 130²·-
858 3723 976 3809 1626.
1253 3759 1256 3768 ⁴
1419 3753 1481 3822 799

344 3857 524 3959 Lapidem
550 3879 572 3933 e
597 3852 716 3952 Scyro
755 3851 877 3930 insula
901 3852 1085 3950 integrum
1122 3851 1290 3930 fluctuari
1327 3861 1401 3930 tra'-

343 3993 452 4080 dunt,
479 3987 639 4066 eundem
659 3985 922 4064 comminutum
947 3983 1074 4082 mergi.

378 4121 515 4188 (lodices
538 4139 648 4185 omues
671 4125 767 4204 obque
784 4107 843 4203 'qui
864 4137 921 4182 suo
945 4135 1052 4180 errore
1074 4135 1184 4180 eorum
1211 4117 1400 4201 scripturam

291 4241 463 4311 coufirmat
495 4232 638 4302 Isidorus
657 4235 791 4302 xvdc
825 4234 918 4320 lupis
946 4233 1089 4319 aspum
1119 4233 1240 4298 habene
1273 4239 1401 4316 cSyrc,

294 4358 337 4424 ud
360 4376 441 4442 quos
464 4375 562 4440 quum
589 4353 623 4418 in
644 4354 750 4419 indice
778 4355 876 4418 etium
898 4351 927 4415 V
950 4349 1097 4434 accedet,
1130 4350 1248 4437 Billigii
1268 4351 1401 4437 leuique

292 4473 450 4548 iudicium
466 4491 532 4539 uon
546 4491 680 4557 possim
699 4491 765 4551 non
777 4470 896 4552 mirmi
917 4469 974 4556 qui
993 4469 1026 4534 iu
1038 4468 1199 4542 Horduiui
1210 4471 1401 4538 sententium

290 4594 731 4681 psopterencoucesseruut,
758 4587 844 4674 quod
865 4586 984 4674 Scyros
1004 4587 1109 4657 meula
1131 4587 1278 4672 lapidoso
1298 4586 1399 4654 fuisse

293 4714 456 4788 narretur,
491 4709 583 4791 quusi
602 4704 678 4770 inde
705 4711 954 4791 consequeretur
974 4704 1077 4784 uullop
1106 4704 1141 4771 iu
1163 4704 1244 4792 Syro
1273 4703 1397 4790 lapides
