3700 5625
465 723 510 792 64
902 730 995 792 hiber
1014 731 1140 792 XVIII.

515 918 715 1020 prehendi,
751 931 792 999 ut
817 923 867 1000 ob
899 922 938 997 id
965 921 1191 1022 petulantiae
1217 920 1316 999 sales
1356 923 1463 999 etiam
1487 945 1556 999 cum

515 1053 633 1152 primo
662 1077 750 1130 vere
776 1055 968 1146 ludantur;
993 1055 1159 1155 auspicio
1183 1063 1305 1130 tamen
1332 1052 1557 1130 detestabiles

517 1185 701 1262 videntur,
1639 1245 1642 1348 p

549 1333 760 1419 Nequaquam
789 1335 935 1420 intelligo
963 1357 1021 1400 cur
1048 1335 1196 1401 codicum
1215 1334 1311 1399 lectio
1346 1335 1444 1399 etiam
1465 1355 1484 1397 a
1502 1333 1559 1398 Sill.
1640 1383 1641 1422 3

469 1457 503 1513 et
522 1450 602 1512 Iano
623 1458 733 1535 spreta
754 1451 811 1532 ait,
847 1472 985 1538 namque
1014 1452 1108 1534 ‚sales
1130 1451 1184 1538 qui
1211 1451 1374 1515 luduntur‘
1403 1451 1479 1516 mibi
1503 1452 1560 1536 qui·
1640 1427 1641 1504 f

470 1565 544 1630 dem
565 1573 733 1650 tantopere
754 1565 924 1651 displicent
952 1575 988 1632 ut
1005 1571 1033 1632 si
1054 1569 1208 1654 scriptum
1229 1569 1261 1631 in
1284 1567 1449 1634 codicibus
1469 1588 1561 1654 reper-

469 1682 559 1763 irem,
580 1680 622 1745 do
637 1683 822 1747 coniectura
834 1686 1019 1770 cogitarem.
1041 1687 1086 1748 At
1110 1684 1189 1748 nihil
1204 1684 1267 1748 tale
1288 1685 1321 1748 iu
1335 1685 1497 1750 codicibus
1514 1706 1561 1749 ex·

470 1805 549 1863 stat:
571 1797 613 1862 ad
629 1781 855 1865 unum'omnes
871 1808 1046 1882 Ιαιιάαηηιν,
1068 1809 1165 1887 atque
1186 1816 1215 1865 el
1236 1808 1274 1866 ob
1297 1808 1331 1866 id
1352 1823 1463 1868 omnes
1483 1821 1563 1888 prae-

470 1918 558 1981 tend
581 1919 752 2002 praebent:
774 1918 871 2007 idque
884 1921 1060 1985 verissime.
1083 1918 1195 1983 Omnis
1217 1921 1303 1983 enim
1323 1921 1410 2010 pitse
1430 1920 1517 2006 lepos
1536 1931 1562 1984 et

470 2055 596 2098 summa
638 2035 781 2102 hilaritas
824 2037 1033 2121 laborumque
1074 2037 1202 2121 requies
1246 2036 1330 2102 sales
1372 2012 1579 2124 appellantur,

472 2152 612 2238 (xm
624 2154 704 2238 88);
725 2155 834 2240 itaque
854 2156 971 2220 mirum
983 2161 1109 2219 nonest
1131 2174 1187 2218 eos
1209 2155 1317 2218 statim
1338 2175 1360 2219 a
1377 2157 1478 2241 primo
1499 2176 1563 2220 vere

470 2270 698 2352 laudaticum
718 2273 908 2357 praesertim
930 2272 1119 2337 industriam
1138 2270 1401 2361 diligentiamque
1423 2273 1564 2359 agricola·

470 2409 542 2452 rum
563 2388 733 2473 opprobrio
754 2390 867 2485 merito
889 2390 1040 2472 excitent,
1063 2375 1126 2476 quo
1151 2389 1205 2474 qui
1226 2389 1310 2454 iusto
1333 2391 1454 2455 tardius
1476 2367 1565 2476 opera

471 2504 593 2570 iaciunt
626 2495 859 2571 cumulantur.’
880 2507 1016 2573 Accedit
1037 2505 1123 2592 quod
1151 2507 1197 2570 sio
1220 2514 1344 2571 tantum
1372 2507 1564 2573 adversativa
1646 2555 1647 2593 3

471 2621 628 2707 particula
648 2622 682 2687 in
711 2625 861 2709 proximo
889 2645 986 2689 sensu
1007 2624 1113 2688 locum
1142 2623 1250 2689 babet.
1294 2623 1407 2690 Ouculi
1426 2626 1513 2709 ‘enim
1537 2625 1564 2686 iu

471 2736 506 2803 re
535 2741 659 2806 ruratica
689 2741 885 2826 laudabiles,
925 2743 959 2807 in
989 2743 1138 2825 auspiciis
1178 2740 1386 2807 detestabiles
1419 2742 1565 2807 videntur.

471 2860 635 2925 Restituta
654 2862 752 2947 igitur
773 2859 919 2926 codicum
941 2861 1098 2945 scriptura
1118 2859 1272 2945 legimus:

514 2992 542 3043 et
564 2985 601 3044 ob
622 2985 655 3046 td
672 2990 734 3059 pet.
755 2985 811 3044 rat.
835 2985 922 3043 uiam
944 2999 970 3043 c.
988 2999 1038 3058 pr.
1061 2998 1086 3041 o.
1110 2982 1282 3043 hadamar.
1417 3006 1449 3038 .·

389 3196 454 3267 370
881 3165 956 3239 258
980 3176 1013 3207 ²
1039 3164 1161 3257 28,ot.

340 3289 343 3296 ’
522 3292 632 3372 Prata
655 3335 705 3353 -
729 3338 778 3403 .··
802 3291 959 3392 relinqui
999 3292 1137 3369 debent
1176 3292 1213 3368 in
1258 3292 1356 3370 laeto
1396 3292 1476 3371 solo
1511 3290 1565 3367 vel

521 3428 646 3506 umido
681 3427 742 3503 vel
771 3427 904 3527 riguo,
943 3446 1062 3524 eaque
1096 3446 1193 3524 aqua
1218 3422 1344 3525 pluvia
1384 3427 1490 3527 rigari
1514 3426 1566 3499 via

522 3560 682 3665 publica

556 3711 618 3776 Via
638 3709 767 3797 publica
788 3729 903 3793 aquam
923 3708 1064 3793 pluviam
1086 3728 1151 3773 nou
1172 3708 1219 3773 uti
1241 3712 1383 3797 constat²
1411 3728 1509 3793 neque
1530 3725 1565 3769 ea

474 3832 544 3895 sola
564 3827 785 3915 pratarigari,
806 3826 916 3911 itaque
938 3825 1073 3890 alterum
1096 3846 1199 3911 genus
1221 3844 1324 3909 aquae
1342 3824 1460 3889 ultimis
1481 3842 1565 3889 voca-

474 3947 556 4013 bulis
578 3944 716 4012 describi
747 3950 999 4009 consentaneum
1027 3949 1085 4011 est.
1127 3943 1195 4006 Iam
1218 3961 1293 4006 vero
1321 3950 1415 4027 prata
1441 3950 1494 4006 eut
1512 3942 1564 4004 sic·

474 4084 574 4129 cenea
596 4071 651 4127 ant
667 4063 760 4152 rigua
781 4080 854 4134 esse
867 4059 1046 4126 Columella
1068 4059 1177 4125 docuit
1198 4060 1236 4123 lI.
1259 4060 1308 4141 17,
1331 4058 1462 4125 cl'.Oato
1483 4079 1527 4143 cp.
1539 4057 1564 4121 8.

476 4183 518 4247 Et
540 4181 689 4245 siccanea
715 4180 844 4265 quidem
870 4178 990 4259 idcirco
1019 4178 1238 4263 appellantur,
1274 4177 1426 4262 quoniam
1452 4183 1576 4275 praetor¹

475 4295 615 4385 pluriam
640 4296 729 4372 nulle
756 4317 840 4382 aqua
868 4317 949 4382 opus
977 4295 1113 4377 habeut,
1147 4294 1240 4379 rigua
1271 4301 1379 4358 autem
1411 4295 1565 4357 influentes

476 4415 560 4479 rivos
601 4410 793 4478 desiderant
847 4414 907 4478 Illa
944 4412 1066 4478 Plinius
1108 4411 1141 4475 iu
1184 4409 1292 4474 umido
1335 4412 1403 4475 solo
1446 4410 1566 4475 collocat

475 4537 496 4600 i.
519 4554 547 4599 e.
569 4534 757 4612 insucoso,
803 4530 884 4596 baec
904 4533 1067 4616 inriguo,
1094 4528 1150 4593 ubi
1171 4528 1280 4594 lenum
1299 4528 1465 4614 irrigatum
1487 4528 1565 4613 equis

460 4658 635 4725 ‘ebciaturz
659 4649 810 4735 sequitur,
827 4655 863 4713 ut
884 4647 925 4713 ad
948 4649 1037 4733 prius
1059 4668 1164 4735 genus
1187 4666 1272 4732 aqua
1293 4646 1401 4731 pluvie
1415 4646 1565 4723 referatur,
