3700 5625
728 737 821 800 uter
840 737 949 799 XVII.

750 969 931 1057 44:14.
1411 979 1473 1050 308

339 1113 504 1214 (Marga)
547 1113 689 1215 Fruges
727 1115 790 1193 elit
815 1062 982 1207 luisses,
1024 1114 1201 1212 albaque,
1241 1113 1273 1189 si
1296 1113 1392 1189 iuter

335 1247 454 1359 sentes
493 1256 656 1348 reperte,
697 1258 754 1326 est
779 1248 828 1326 ad
862 1247 1043 1324 infinitum
1076 1245 1223 1340 fertilis,
1263 1269 1391 1322 verum

335 1402 466 1481 aspere
489 1385 657 1472 tractatu,
685 1382 717 1458 si
737 1381 847 1480 nimie
866 1381 1002 1458 iniecta
1022 1385 1088 1468 est,
1117 1380 1236 1459 exurit
1259 1377 1390 1456 selum.

365 1529 479 1594 Tuiem
499 1529 567 1596 Sili.
589 1529 774 1597 condicum
795 1529 940 1617 vestigiis
961 1528 1066 1595 locum
1088 1528 1286 1611 emendavit,
1308 1527 1392 1593 mule

293 1655 393 1712 temen
414 1645 581 1730 distinxit,
602 1646 691 1712 haud
713 1648 809 1715 dubie
827 1648 877 1712 ‘sic
898 1646 1205 1734 interpungendum:

328 1771 378 1832 Fr.
388 1788 418 1834 n.
430 1769 551 1843 tofacea
564 1745 704 1846 cltum
727 1774 755 1832 εἰ
767 1771 818 1847 int.
836 1770 861 1844 fi
884 1775 1079 1846 reperisset,
1103 1769 1149 1830 ud
1164 1763 1394 1844 infinitum'ser-

328 1889 385 1950 titis
404 1904 507 1949 verum
527 1904 638 1965 aspera
660 1894 811 1972 centnm
833 1890 860 1950 si
881 1889 974 1948 nimia
994 1882 1050 1948 rel.
1159 1929 1162 1937 Δ

368 2001 398 2085 §-
420 2001 462 2070 46
503 1999 642 2067 fortasse
664 2004 782 2070 rectius
801 2009 1044 2086 eluescmcryurp
1064 2001 1222 2084 scribitur,
1244 1999 1392 2085 egleeee

293 2120 408 2186 scilicet
430 2117 636 2206 appellatam.

746 2272 935 2363 48:8,4.
1414 2293 1476 2366 309

336 2419 461 2498 Omnis
486 2429 610 2500 autem
635 2427 889 2523 marga-arato
921 2421 1106 2499 inicienda
1133 2427 1189 2498 est
1214 2428 1252 2496 ut
1276 2419 1393 2496 medi-

338 2559 544 2632 camentum
569 2555 740 2655 rapiatur,
770 2561 806 2632 et
829 2507 904 2632 fimi
925 2553 1113 2632 desiderat
1128 2552 1394 2653 aliquantulum

338 2709 429 2786 quae
463 2687 580 2788 primu
606 2686 691 2789 plus
724 2693 921 2789 asperent
958 2688 1116 2789 quaein
1157 2686 1293 2765 herbas
1318 2708 1392 2765 nen

338 2820 543 2899 effunditur.

270 2938 288 2957 ⁹
369 2951 607 3027 cicestrum
634 2952 1178 3037 edd.vetlemqnaequeprimo,
1211 2953 1267 3021 rel.
1309 2951 1393 3029 Quid

295 3072 404 3149 ,urimo‘
432 3069 608 3155 significet,
643 3078 756 3135 neuter
784 3071 952 3156 explicuit:
987 3094 1106 3139 cunum
1135 3091 1207 3137 esse
1226 3069 1393 3157 aproximis

295 3186 391 3251 uerbis
415 3207 468 3271 ,ne
490 3188 537 3252 eie
558 3188 688 3275 quidem
709 3164 812 3274 piimo
834 3213 918 3257 enno
941 3192 1064 3257 fertilie‘
1086 3189 1255 3255 indicetur.
1291 3184 1393 3255 Oodd.

296 3303 486 3370 edhabent
507 3313 682 3385 quantulum
703 3296 803 3386 quam
826 3308 946 3375 scribe:

331 3428 545 3517 nequeuntem
567 3443 649 3488 anno
672 3444 809 3505 quaeque
825 3433 942 3509 primo,
961 3433 1031 3509 plus
1051 3414 1133 3490 rei'

207 3605 208 3654 i
751 3596 797 3670 49
810 3611 856 3657 -·-·-·
869 3600 939 3685 9,5.
1346 3657 1354 3701 ,
1414 3645 1477 3715 310

207 3735 208 3806 i
336 3738 609 3841 Transpadanis
644 3740 779 3821 cineris
817 3766 912 3821 usus
933 3743 1028 3822 adeo
1069 3744 1193 3845 placet
1217 3748 1257 3819 ut
1272 3763 1276 3772 ·
1291 3748 1395 3818 ente-

337 3879 476 3971 penent
502 3872 587 3967 fimo
613 3872 876 3967 iumentorum,
916 3876 1017 3975 quod
1045 3875 1130 3974 quie
1165 3873 1414 3954 levissimum*

338 4012 411 4095 est,
437 4005 488 4083 ob
511 4005 551 4081 id
578 4014 753 4101 exurunt3
779 4008 845 4086 rel.

370 4135 438 4203 len.
467 4147 602 4201 exarant
628 4139 756 4224 scripsit
784 4139 895 4225 (cedd.
917 4135 970 4204 ed
998 4140 1147 4226 exurunt)
1171 4140 1240 4205 coll.
1269 4139 1392 4224 §.12'd

296 4248 336 4316 e‘t
354 4253 397 4318 ibi
428 4254 555 4319 radices
586 4263 776 4338 exeruntur,
809 4263 920 4322 nostro
948 4258 1018 4323 loco
1040 4258 1148 4322 nescio
1170 4256 1246 4343 quid
1268 4257 1394 4323 exarari

297 4372 406 4455 pessit,
433 4372 509 4436 fimo
538 4379 645 4437 sutem
673 4380 787 4442 exusto
811 4376 951 4439 cinerem
975 4375 1111 4461 relinqui
1141 4375 1217 4441 scic.
1261 4374 1340 4441 Ond.
1363 4396 1393 4457 a,

298 4504 383 4569 quern
403 4510 482 4574 pree
502 4490 633 4576 reliquis
654 4492 688 4555 in
705 4492 767 4557 hoc
788 4468 917 4577 quidem
939 4490 1019 4557 libro
1041 4493 1131 4578 sequi
1153 4513 1212 4577 per
1233 4499 1292 4575 est,
1314 4510 1393 4557 voce
1445 4480 1468 4553 .’

300 4609 362 4679 quic
381 4608 500 4672 emisse
529 4614 782 4689 inmemoremque
804 4609 927 4694 scribit,
956 4630 1019 4696 que
1040 4610 1125 4673 fecto
1147 4611 1325 4675 rectissime
1345 4608 1393 4675 iri·

300 4729 469 4789 mentorum·
488 4725 598 4790 fimum
619 4733 732 4813 utpote
752 4726 949 4792 levissimum
973 4746 992 4791 e
1012 4727 1142 4813 reliquis
1165 4726 1289 4793 duobus
1312 4734 1393 4793 ster·

1197 4844 1217 4911 3
