3700 5625
451 656 515 727 232
874 662 966 725 Liber
985 664 1140 728 XXXVI.

452 876 550 943 quam
571 856 683 924 Doleo.
706 858 812 923 attulit
844 876 1006 949 quamque
1034 863 1067 929 in
1095 880 1209 929 rasura
1232 862 1253 927 d
1275 864 1452 948 mammet,
1482 884 1564 944 qaas

452 972 530 1039 milri
553 973 715 1058 probatur.

863 1229 986 1307 alcala
1016 1230 1151 1309 mu.

535 1382 621 1447 uns
644 1402 770 1469 quoque
792 1383 894 1468 noro,
930 1386 1020 1450 auius
1044 1388 1094 1473 §a
1115 1389 1227 1473 9—43,
1250 1370 1394 1457 64-1'25
1417 1374 1451 1453 ni
1476 1388 1566 1454 mre-

453 1498 626 1564 stomathia
647 1498 876 1598 interpretatus
911 1524 998 1587 sum,
1032 1513 1161 1590 praeter
1188 1526 1228 1571 ea
1259 1526 1342 1593 quse
1375 1506 1568 1593 imprudens

453 1619 517 1681 iarn
540 1638 560 1681 a
582 1617 704 1701 Silligio
726 1625 870 1683 correcta
901 1622 1125 1706 neglexeram,
1156 1626 1253 1688 Ianus
1287 1644 1419 1711 operam
1450 1625 1568 1689 utilem

454 1734 565 1799 sedulo
589 1732 678 1800 dedit
698 1742 731 1799 et
753 1729 785 1800 in
807 1736 861 1799 illa
882 1728 1011 1822 quidem
1032 1736 1123 1825 parte
1146 1742 1173 1827 ᾗ.
1187 1726 1225 1809 91
1249 1740 1386 1805 Strackii
1409 1741 1568 1806 emende-

454 1852 574 1916 tionem
606 1850 756 1916 trecanum
783 1854 897 1918 merito
925 1857 1063 1942 recepit,
1094 1858 1122 1943 ξ.
1146 1858 1206 1926 106
1239 1859 1404 1945 eleganter
1435 1880 1569 1941 rapamc

455 1970 603 2052 coniecit,
625 1989 730 2055 pauca
750 1968 828 2034 mihi
850 1972 1041 2059 corrigenda
1062 1973 1200 2063 reliquit.

391 2164 454 2236 790
854 2163 940 2237 det
967 2169 988 2238 5
1015 2205 1056 2237 =
1083 2166 1154 2255 aa.

536 2290 788 2377 Elegantissime
808 2292 954 2357 oratione
977 2294 1112 2380 scriptor
1134 2296 1337 2380 antiquarum
1358 2296 1470 2380 legum
1495 2314 1568 2359 cen·

455 2410 612 2474 seriarum
633 2408 882 2473 inconstantiam
908 2411 1102 2494 insectatur,
1136 2411 1251 2498 quibus
1280 2429 1433 2476 cenarum
1463 2412 1568 2498 parsi·
1665 2452 1666 2459 κ

456 2527 583 2591 monice
605 2527 793 2610 cavebatur,
825 2526 1016 2593 aedificandi
1037 2528 1164 2593 luxuria
1194 2528 1430 2615 negligebatur.
1477 2529 1570 2605 Quae

456 2647 545 2731 leges
567 2645 661 2709 docte
683 2666 721 2710 ac
742 2646 915 2735 verissime
930 2645 1002 2709 inB
1037 2626 1262 2709 Claudianae
1300 2646 1507 2732 appellantur
1529 2646 1568 2712 ab

421 2754 427 2769 ‘
456 2763 562 2850 Appio
585 2768 663 2848 puto
686 2760 821 2827 Claudio
842 2762 982 2828 Pulchro
1004 2762 1059 2851 qui
1080 2768 1154 2850 post
1175 2762 1286 2828 Sasuri
1312 2762 1516 2830 aedilitatem
1538 2784 1567 2830 a.

456 2880 601 2948 Doclv.
623 2884 805 2965 importuna
827 2881 1211 2966 severitatemagistratu
1231 2881 1359 2946 iunctus
1383 2888 1441 2946 est.
1473 2882 1568 2958 Quod

455 3001 490 3065 in
512 2998 723 3064 deterioribus
745 2996 834 3062 libris
865 2997 936 3063 loco
959 2993 1048 3062 VIII.
1070 2997 1133 3066 209
1166 2997 1309 3063 adhibito
1345 2998 1379 3064 in
1411 2999 1567 3084 ,glandia‘

456 3123 615 3182 mutatum
632 3122 691 3197 est,
713 3116 796 3180 sicut
816 3115 845 3199 ᾗ.
865 3115 887 3184 'i
908 3113 1054 3199 ,Palatio‘
1075 3115 1109 3181 in
1131 3115 1244 3199 ‚atrio‘,
1280 3135 1376 3202 qnam
1391 3115 1566 3182 lectionem

458 3235 485 3300 si
505 3234 701 3320 probaveris,
723 3253 795 3298 cum
809 3232 984 3298 editoribus
999 3238 1074 3318 post
1091 3253 1120 3300 v.
1143 3232 1250 3316 ‚cenis‘
1272 3233 1566 3320 interpungendum

458 3358 517 3416 est
559 3351 620 3415 Illa
648 3358 756 3415 autem
790 3350 1005 3436 pulcherrima
1032 3350 1198 3416 altercatio
1230 3369 1315 3416 nunc
1336 3371 1437 3436 prava
1467 3352 1565 3417 inter-

458 3469 632 3554 punctione
665 3467 863 3534 obsouratur.
906 3467 1082 3554 Postquam
1111 3467 1194 3532 enim
1224 3489 1298 3532 eum
1325 3468 1380 3554 qui
1407 3469 1566 3535 maiorum

460 3605 591 3652 oausam
613 3584 847 3650 defendendam
870 3585 1013 3672 suscepit
1034 3584 1193 3649 dicentem
1211 3583 1289 3651 fecit
1310 3606 1386 3667 ‚non
1409 3587 1496 3651 enim
1520 3587 1564 3650 in·

459 3703 667 3768 vehebantur‘
702 3691 920 3787 (marmora),
959 3703 1094 3787 scriptor
1125 3677 1314 3789 respondet:
1358 3701 1402 3785 ,id
1436 3703 1564 3790 quidem

459 3819 541 3884 fuso
562 3857 604 3867 -
624 3819 751 3885 suesco
783 3820 912 3904 regumn
956 3821 1015 3904 nt,
1045 3793 1147 3905 inquit
1168 3819 1236 3883 ine:
1271 3819 1340 3901 ,ssa
1361 3819 1499 3905 publicis
1520 3819 1564 3883 ni-

425 3945 430 3954 '
460 3938 575 4002 mirum
596 3936 802 4022 indulgentes
833 3936 1072 4022 voluptatibus}
1115 3934 1176 4000 Oui
1209 3936 1259 4000 lris
1290 3937 1395 4002 verbis
1429 3936 1564 4002 ooorurit

460 4055 599 4120 Plinius:
643 4054 686 4137 ,id
713 4055 820 4140 ipsum
851 4056 939 4119 curt‘
959 4054 1016 4118 rel.'
1060 4053 1226 4138 Disputari
1248 4055 1334 4118 enim
1357 4071 1429 4118 oum
1452 4054 1562 4119 adver·

462 4173 545 4237 sario
565 4171 682 4238 iisdem
698 4171 804 4236 verbis
826 4170 958 4250 ‚Verum
981 4177 1061 4254 esto,
1083 4169 1273 4234 indulserint
1295 4170 1432 4256 publicis
1455 4171 1561 4256 volup·

461 4290 592 4355 tatibus‘
624 4287 769 4355 efficitur.
812 4289 926 4376 ltaque
955 4288 1118 4374 scriptoris
1140 4288 1317 4354 orationem
1343 4289 1389 4355 sic
1412 4285 1561 4373 distingui

462 4413 579 4477 rectius
601 4415 750 4495 apparet:

505 4534 593 4594 Dicat
612 4533 741 4606 sortasse
773 4533 884 4607 adactis
922 4546 992 4605 ‚noa
1022 4529 1096 4590 caim
1123 4521 1362 4590 invehebantur&
1391 4529 1427 4590 id
1450 4527 1559 4606 quidem

502 4655 582 4726 falco
588 4674 601 4728 ‚·
624 4660 773 4715 trecentos
783 4650 842 4716 tx
856 4651 1011 4711 columnas
1026 4649 1067 4709 M.
1085 4647 1197 4710 Scauri
1210 4649 1363 4708 aedilitate
1376 4683 1418 4695 -
1432 4649 1560 4710 otdaaat
1665 4697 1666 4714 ,
