3700 5625
702 601 868 671 atter.
1298 607 1343 675 83

650 789 723 866 141
736 820 777 859 =
788 789 921 886 324⁰.

274 942 464 1042 Impetum
492 940 627 1017 deinde
653 940 765 1017 sumit
783 942 1054 1043 Hellespontus
1079 952 1119 1017 et
1143 966 1263 1018 mare
1288 944 1342 1019 in·

275 1076 434 1173 cambit,
465 1074 665 1155 verticibus
691 1076 845 1154 limitem
870 1077 1038 1174 fodiens,
1066 1078 1185 1155 donec
1215 1080 1341 1157 Asiam

274 1217 473 1315 abrumpat
486 1212 685 1315 Europae;
706 1215 998 1317 promontorium
1018 1214 1057 1291 id
1077 1216 1340 1319 appellavimus

271 1350 497 1451 Tmpenam.
586 1398 590 1403 ·

306 1502 508 1567 Subiectum
528 1500 784 1585 Hellespontum
803 1520 884 1569 esse
904 1502 1116 1571 manifestum
1136 1516 1199 1572 est.
1222 1505 1339 1593 Neque

236 1618 1341 1709 enimmarellellespoutoincumbit,sedilellespontussummavie

237 1738 448 1807 narillusiuo
459 1760 504 1807 ac
516 1739 722 1825 Propontide
733 1738 907 1823 profluens
917 1743 966 1807 ita
975 1742 1097 1828 ingruit
1112 1743 1342 1827 mariAegaeo

238 1856 362 1925 otvelut
383 1860 540 1943 pondera
560 1878 624 1925 suo
645 1858 757 1923 undas
775 1878 932 1943 premere
942 1860 1105 1927 videatur.
1128 1860 1342 1947 lta§.lil.se

241 1980 394 2045 concitare
418 1977 545 2046 dicitur
564 1996 630 2063 quo
650 1978 936 2045 vehementiorem
948 1981 1105 2065 impetum
1115 1978 1225 2047 iaciat.
1247 1980 1341 2064 Opti·

240 2114 308 2158 nam
330 2118 413 2163 vero
434 2098 636 2172 senteutiam
659 2098 763 2163 verba
785 2096 884 2163 sicarii
905 2118 995 2165 nuuc
1016 2098 1174 2184 leguntur
1194 2118 1262 2163 uon
1284 2118 1341 2163 es-

241 2214 373 2293 primunt
398 2217 557 2305 Namque
579 2216 804 2281 accusativum
820 2237 937 2282 casum
952 2236 1129 2303 numquam
1150 2215 1340 2281 cumverbo

243 2331 416 2400 ucumbme
438 2334 599 2419 coniungi
611 2343 754 2401 corrstat.
797 2335 1002 2401 Necessario
1024 2335 1123 2421 igitur
1143 2344 1201 2399 aut
1222 2352 1340 2399 secun.

244 2448 303 2513 dum
322 2454 420 2519 codri.
444 2454 499 2519 Td
521 2454 736 2521 scribendum
756 2454 819 2519 erit
842 2454 878 2516 in
899 2476 1001 2533 raon,
1023 2466 1080 2518 aut
1093 2454 1181 2539 quod
1205 2452 1249 2515 ad
1267 2448 1340 2515 libu'

245 2565 458 2639 Rlectioncm
482 2573 621 2657 propius
642 2574 788 2654 accedit,
814 2575 919 2638 caari
939 2571 1109 2643 mcuurbit.

628 2742 914 2821 142=ioidem

284 2891 368 2972 llox
388 2895 531 2998 oppida
550 2896 701 2991 Placia,
727 2896 918 2992 tiriaca,
943 2895 1103 2998 Scylace
1130 2900 1193 2968 rel.
1235 2899 1240 2910 ”

313 3049 432 3113 Arioce
452 3068 573 3113 nomen
595 3047 812 3114 inhaccerte
833 3047 975 3134 regione
995 3065 1139 3133 prorsus
1160 3043 1342 3108 inauditum

251 3180 283 3223 ex
295 3165 410 3232 Artace
428 3167 557 3231 sactum
578 3166 721 3246 videtur,
744 3166 1015 3254 frequentissima
1040 3164 1222 3230 litterarum
1240 3162 1254 3225 l
1269 3157 1343 3224 etT

253 3287 485 3362 permutatione.
528 3285 574 3349 At
594 3306 678 3351 vero
701 3306 745 3350 ne
765 3285 892 3353 Artace
916 3285 1048 3370 quidem
1076 3303 1117 3348 eo
1141 3279 1219 3346 loco
1244 3297 1343 3365 quem

253 3397 354 3466 indicat
373 3403 501 3470 Plinius
522 3405 587 3470 sita
609 3402 681 3470 fuit.
731 3403 804 3470 Duo
832 3405 917 3470 euim
948 3403 1074 3492 oppida
1099 3402 1147 3466 ita
1172 3397 1344 3486 appellata

254 3529 325 3598 sunt,
341 3522 481 3587 alterum
501 3542 610 3607 prope
635 3520 797 3609 Cynicum
818 3524 908 3609 quod
930 3523 1030 3588 modo
1050 3523 1082 3608 §.
1096 3520 1166 3585 141.
1195 3517 1342 3584 nomina·

254 3632 340 3716 latur,
359 3639 499 3706 alterum
522 3642 565 3704 ud
589 3640 730 3707 Pontum
745 3641 910 3707 Euxinum
932 3641 1019 3738 ultra
1038 3641 1167 3725 nigrum
1189 3657 1344 3724 promou-

257 3755 366 3836 tortum,
393 3758 478 3824 alias
504 3760 633 3826 Artena
656 3759 711 3825 vel
727 3760 858 3827 Artena
879 3771 1060 3840 vocatum,
1091 3757 1134 3825 cf.
1151 3757 1291 3825 Ptolem.
1302 3755 1345 3819 V.

259 3867 311 3938 li.
328 3875 484 3944 Neutrum
499 3880 565 3943 huc
586 3881 746 3968 quadrat:
767 3879 909 3947 alterum
929 3881 1016 3946 enim
1038 3878 1083 3944 ad
1105 3878 1279 3957 orientem,
1300 3873 1345 3939 ad

259 3992 440 4062 occidentem
464 3997 603 4064 alterum
623 4000 757 4065 nimium
780 4000 822 4065 ab
840 3998 1015 4065 intervallo
1038 3999 1124 4062 inter
1143 3993 1290 4060 Placiam
1312 4001 1347 4058 et
1467 4071 1469 4078 Α

261 4103 402 4191 Scylacen
434 4118 546 4182 medio
579 4117 698 4188 abfuit.
757 4120 974 4204 Quapropter
1005 4133 1112 4199 prava
1145 4111 1346 4196 repetitione

261 4230 393 4298 vocabuli
411 4235 514 4321 paulo
536 4257 640 4323 supra
660 4238 762 4322 positi
781 4237 962 4321 irrepsisse
990 4233 1152 4315 arbitror,
1185 4229 1347 4315 originem

262 4351 350 4413 antem
368 4354 434 4420 vitii
453 4356 518 4421 etsi
538 4355 717 4423 ruanil'esto
742 4353 999 4441 deprehendere
1019 4370 1087 4418 non
1109 4351 1223 4435 liceat,
1245 4349 1346 4416 talem

266 4451 322 4525 fili
339 4465 436 4540 fuisse
461 4477 630 4561 auspicor,
651 4485 690 4543 at
708 4477 742 4540 in
762 4474 897 4541 codicia
914 4471 1063 4557 primarii
1084 4472 1235 4557 margine
1257 4473 1343 4536 acri·

265 4584 363 4652 lurae
379 4594 572 4664 vuieutem
601 4615 716 4661 arram
736 4594 781 4660 acl
802 4613 925 4660 saraca
954 4589 1161 4675 adscriptam
1186 4591 1218 4656 in
1240 4590 1347 4674 ipsum

1093 4723 1139 4788 6*

1362 814 1423 877 110

1360 2761 1419 2828 lll
