3700 5625
722 777 811 842 llber
822 778 950 842 XXIII.
985 737 989 760 ἱ
1327 778 1389 849 125

319 973 521 1064 ἕιιταροὲσσει
541 979 672 1044 κοιλίαν
692 982 749 1044 καὶ
769 975 999 1062 ἕμπνεομοιισῒ
1018 975 1203 1064 στόμαχον,
1225 977 1388 1044 Dioscori-

282 1094 337 1158 des
360 1096 409 1159 ait
429 1094 468 1158 V.
489 1095 510 1162 3
530 1095 551 1158 i.
564 1115 609 1159 e.:
640 1112 703 1158 rec.
724 1100 911 1159 stomachum
930 1103 1053 1176 spiritua
1069 1103 1222 1175 inflatione
1242 1111 1270 1160 et
1291 1105 1388 1161 aluum

281 1200 416 1275 turbant.
443 1215 594 1292 (spirltum
605 1213 689 1276 mala
710 1212 803 1279 codd.
824 1211 963 1292 habent)
987 1213 1062 1296 §.21
1084 1233 1149 1286 non
1172 1221 1389 1293 ampeloleucen

194 1326 195 1333 '
281 1327 339 1392 sed
362 1335 501 1408 ampelon
525 1335 627 1392 leucen
648 1328 851 1394 scribendum
873 1336 933 1411 est,
962 1327 1046 1413 quod
1069 1328 1139 1394 cod.
1162 1349 1182 1393 a
1204 1353 1233 1397 u.
1256 1337 1387 1412 leuchcn,

278 1445 499 1530 incorruptum
522 1444 542 1508 d
563 1446 698 1530 praebet
719 1451 752 1509 at
772 1443 858 1530 quod
879 1444 912 1506 in
933 1443 1039 1510 iudica
1061 1445 1155 1510 huius
1181 1445 1254 1510 libri
1276 1447 1388 1512 ablati-'

279 1563 326 1626 vis
341 1560 408 1625 aR
421 1562 547 1626 divisim
564 1563 689 1648 scriptis
705 1570 738 1625 et
757 1563 829 1625 loco
850 1559 958 1625 Diosc.
971 1563 1021 1627 lV.
1047 1561 1109 1628 188
1127 1563 1289 1648 probatur.
1311 1565 1388 1648 §.26

279 1691 347 1742 uret
391 1681 506 1752 (arctet
546 1688 582 1751 a)
628 1700 692 1743 non
734 1685 815 1742 vitiet
856 1697 927 1741 cum
967 1675 998 1740 V
1039 1679 1210 1764 legendum
1253 1657 1389 1749 videtur.⁴
1441 1665 1444 1670 ⁵

280 1798 328 1880 ἕξ.
353 1795 480 1864 37-42
506 1799 540 1861 in
563 1795 814 1860 'chrestomathia
842 1818 872 1880 p.
894 1796 957 1864 234
979 1814 1047 1880 sqq.
1073 1798 1295 1878 tractavimus,
1333 1799 1388 1861 ubi
1442 1829 1447 1838 ⁴

279 1916 307 1998 ξ.
330 1915 375 1981 38
394 1933 485 1995 posse
505 1935 583 1978 casu
604 1915 759 1977 omissum
779 1920 837 1978 est.
863 1961 867 1972 .

601 2027 609 2035 “
715 2026 945 2120 44:123,
1408 2047 1470 2114 496

331 2151 477 2241 Utiliter
503 2170 540 2239 et
566 2163 715 2240 iuvetur
750 2162 836 2240 vinu
862 2160 983 2240 calido
1022 2160 1172 2240 virilitas
1198 2164 1387 2258 iumentis;

327 2297 490 2372 infusum
516 2302 638 2372 antem
665 2320 781 2373 cornu
806 2298 851 2372 iis
877 2295 1131 2372 lassitudinem
1160 2299 1289 2378 aufert.

354 2429 593 2513 interpolatum
621 2429 725 2492 locum
749 2427 813 2492 Sili.
845 2424 964 2510 dedit,·
983 2446 1122 2512 namque
1151 2429 1277 2494 codices
1307 2428 1388 2495 haec

279 2546 418 2610 habent:
433 2576 436 2580 ·
452 2549 555 2622 infusa
578 2564 675 2622 cornu
705 2551 834 2626 (contus
858 2537 906 2630 Θ)
937 2550 1138 2610 lassitudinem
1159 2553 1301 2624 auserunt
1324 2548 1388 2624 (sic

280 2668 321 2746 Θ,
343 2677 398 2727 unt
415 2670 485 2744 pert
505 2663 674 2738 Vuul‘errt
690 2662 742 2745 ἁ),
765 2680 844 2748 qnos
866 2665 1046 2727 accuratius
1071 2671 1200 2729 secutus
1222 2668 1319 2728 lanus
1342 2671 1387 2728 ιὀ-

276 2785 347 2857 suso
370 2801 466 2847 cornu
485 2786 688 2846 lutatudinem
709 2785 827 2859 auferri
849 2781 991 2867 scripsit,
1018 2782 1064 2845 ita
1086 2781 1206 2846 scilieet
1228 2789 1264 2847 ut
1285 2783 1387 2847 infini-

281 2902 366 2964 tivus
389 2922 410 2963 a
431 2899 577 2985 proximo
599 2899 696 2962 verbo
719 2910 828 2978 nepant
847 2908 988 2985 regatur.
1031 2901 1129 2985 Atqui
1152 2900 1290 2986 ,adipem
1313 2902 1400 2965 vinos

281 3018 416 3081 mixtam
431 3018 464 3080 in
475 3016 586 3081 fauces
596 3016 747 3080 infusum*
767 3017 949 3081 lassitudini
962 3018 1103 3081 remedio
1126 3038 1197 3082 esse
1211 3016 1388 3081 Columella
1441 3076 1446 3086 .

259 3134 335 3221 ul.
349 3134 392 3201 30
413 3133 532 3199 diserte
554 3133 695 3199 tradidit.
716 3135 977 3219 Interpunctione
999 3142 1136 3218 mutata,
1159 3155 1233 3199 nam
1254 3136 1388 3199 virilitas

280 3251 445 3315 hominum
467 3259 527 3332 est,
549 3272 613 3314 non
635 3252 865 3333 iumentorum,
888 3252 1007 3317 scribet

284 3382 287 3385 ’
324 3392 352 3433 ο.
372 3391 397 3433 e.
416 3374 442 3447 s.
458 3390 485 3433 ο.
499 3390 525 3433 c.
535 3374 672 3451 uirilitas,
694 3375 828 3434 inruentis
849 3373 951 3445 insutu
973 3376 1029 3444 (sc.
1053 3375 1133 3447 vinu)
1155 3390 1249 3442 eornu
1270 3377 1388 3435 lassitu-

324 3466 591 3563 dinem‘uusetunt.
862 3571 866 3582 Ι

626 3635 629 3640 ’
716 3628 763 3699 4⁷
857 3628 951 3715 134.
1408 3645 1470 3711 ιιι
1533 3612 1555 3717 ’.

332 3756 395 3830 Ad
421 3756 543 3833 omnia
580 3756 675 3831 haec
700 3754 823 3831 utilius
861 3756 899 3831 id
925 3756 1027 3855 quud
1066 3762 1214 3857 sponte·
1236 3764 1387 3835 naturae

329 3911 417 3966 suae
443 3890 593 3988 piceum
616 3889 745 3987 resipit
775 3889 1011 3989 picatumque
1041 3888 1267 3989 appellatum
1307 3888 1388 3965 hel-

301 4044 498 4105 ,vennacn
523 4030 644 4135 tamen
671 4021 783 4099 nimio
810 4029 921 4122 caput
947 4023 1116 4121 temptari
1143 4024 1328 4101 convenit.

363 4154 464 4219 codd.
494 4158 524 4222 Θ
548 4154 625 4218 VT
649 4161 767 4233 piceum
795 4154 871 4217 det
890 4154 1053 4218 Barbarus
1081 4162 1180 4235 picem
1210 4192 1245 4201 —
1277 4160 1387 4218 Heluen

282 4289 412 4350 cypucro
433 4283 568 4336 tatamen
591 4271 621 4333 V
642 4277 746 4335 teluen
769 4291 902 4351 cypucro
925 4293 984 4349 qua
1007 4285 1104 4335 tumen
1122 4272 1159 4354 d,
1187 4271 1272 4335 unde
1298 4255 1387 4335 recte
1452 4252 1470 4269 ⁰

283 4385 376 4451 Ianus
397 4396 428 4453 ln
449 4410 539 4470 apra·
558 4411 618 4469 quo
641 4388 876 4470 tumen’elicuit,
899 4389 932 4451 in
955 4408 1050 4474 quam
1075 4386 1333 4453 emendationem
1355 4395 1388 4451 et

284 4501 371 4585 ipse,
390 4506 465 4571 olim
507 4504 690 4569 incideram.
733 4505 839 4568 Minus
870 4502 947 4571 felix
976 4514 1026 4570 est
1069 4507 1171 4571 altera
1191 4528 1220 4571 v.
1251 4505 1281 4568 d.
1311 4524 1386 4570 aon-

284 4620 416 4705 iectura,
458 4644 524 4711 qua
566 4628 720 4686 Helvetico
761 4623 825 4707 lagi
863 4597 972 4695 valuit,
1000 4624 1176 4690 *Helvetici
1209 4625 1294 4688 enim
1324 4624 1387 4686 vini

285 4739 367 4801 nulla
395 4740 461 4805 iare
497 4741 597 4804 virts
624 4738 789 4818 laudatur,
837 4748 871 4804 at
903 4743 1035 4807 summis
1065 4740 1227 4806 laudibus.
1245 4761 1285 4805 aa
1312 4742 1388 4807 nina
