3700 5625
690 587 791 656 Liber
812 589 879 658 ΧῙ.
1280 591 1344 658 163

280 787 398 841 accium
412 777 557 840 maxime
572 772 746 845 laudabile.
770 775 1053 842 decessurumue
1067 772 1219 844 mlilumz
1234 775 1344 842 album

278 892 434 960 ulceribus
455 893 674 977 aptissimum
697 893 853 982 oplimunu
870 891 933 961 rel.

313 1014 361 1078 lta
385 1014 473 1079 enim
496 1012 644 1099 loquitur
665 1013 869 1081 Aristoteles
893 1013 978 1080 Hist.
993 1013 1091 1080 anim.
1107 1015 1231 1081 lebr
1253 1014 1288 1083 ab
1308 1015 1344 1085 ab

243 1132 395 1202 λευκὸν...
418 1132 585 1220 alponis..
606 1132 684 1220 πρὸς
707 1131 900 1222 ὀφθαλιωὺς
920 1131 978 1203 καὶ
999 1129 1085 1218 ἕλκη.

659 1311 910 1409 77=us,·27.
1359 1338 1422 1405 201

282 1461 601 1566 (Bombyeas)...
616 1463 761 1541 tunicas
785 1463 856 1541 sibi
877 1464 1087 1542 inslaurure
1102 1464 1255 1562 densus,
1278 1489 1345 1566 pe·

282 1597 366 1674 dnm
391 1599 594 1700 asperitate
624 1601 800 1683 radamus
820 1602 993 1679 loliorum
1019 1602 1240 1704 lanuginem
1267 1603 1344 1680 vel·

282 1736 379 1830 lere;
416 1737 512 1813 hanc
533 1739 579 1813 ab
605 1737 662 1814 bis
689 1738 772 1840 cogi
798 1739 974 1840 unguium
997 1739 1259 1816 carminalibus
1280 1746 1342 1815 rel.

315 1903 451 1968 Vellera
482 1926 581 1990 quum
609 1906 706 1972 codd.
727 1906 811 1972 RTd
840 1905 1006 1986 habeant,
1035 1919 1129 1979 recle
1151 1920 1288 1974 veteres
1310 1919 1344 1975 el

244 2021 469 2108 Delecampius
491 2025 657 2090 dederuut
677 2026 713 2089 iu
734 2025 875 2107 uellera,
898 2029 1151 2113 praepositione
1173 2029 1274 2096 inex
1295 2028 1343 2095 ul·

244 2144 310 2208 timu
329 2143 440 2209 littera
462 2146 617 2212 vocabuli
630 2146 773 2233 proximi
791 2149 942 2235 sepelite.
970 2147 1277 2236 interpungendum
1291 2157 1345 2213 est

244 2275 339 2327 autem
362 2263 429 2327 ita:

279 2380 463 2470 lnuuqiuem
470 2405 481 2464 3
509 2381 544 2445 in
564 2379 688 2444 uellera
709 2380 797 2448 banc
818 2383 883 2468 (su.
903 2381 1112 2470 lanuginem)
1143 2381 1185 2447 ab
1206 2381 1257 2449 lu's
1277 2383 1343 2469 (se.

278 2499 520 2586 bombycibus)
534 2499 604 2588 capi
623 2497 685 2565 rel.

659 2683 913 2783 as=2s,2s.
1361 2708 1425 2776 ιω

285 2842 361 2939 Age
382 2836 539 2915 firmitas
562 2839 728 2938 quaudo
754 2838 1012 2942 rumpentibus
1037 2839 1171 2918 ventis.

314 3006 361 3071 lta
389 3004 501 3072 R'l'dr.
532 3004 741 3091 Recipienda
767 3016 822 3073 est
849 3004 970 3076 Dalec.
1003 3010 1174 3094 scriptura
1205 3016 1346 3102 quauta,

246 3124 297 3186 secl
328 3126 533 3189 servandum
564 3122 789 3212 rumpentibus
818 3126 908 3210 quud
940 3124 997 3191 ille
1026 3126 1059 3189 in
1091 3123 1347 3211 irrumpentibus

247 3253 427 3307 nutaverat.
476 3240 567 3307 idem
589 3252 643 3307 esl
662 3240 748 3305 euim
771 3242 861 3326 quod
883 3262 1067 3329 „rumpere
1088 3244 1323 3311 consonasse

659 3390 918 3505 ffl=mm.
1363 3420 1427 3487 m

287 3589 464 3640 venenum
491 3559 659 3636 omuibus
680 3561 986 3664 (scorpionibus)
1013 3562 1137 3640 medio
1160 3562 1235 3660 die,
1262 3588 1347 3639 cum

287 3698 510 3774 incanduere
537 3695 628 3771 solis
655 3696 850 3773 ardoribus
858 3754 869 3793 ,
903 3695 1067 3797 itemque
1094 3724 1179 3775 cum
1204 3698 1347 3794 siliunt,

287 3834 515 3937 inexplebili
535 3844 639 3934 polu.

317 3990 439 4055 Ultima
462 3982 630 4051 vocabula
652 4004 755 4049 sensu
779 3993 913 4050 carent:
936 4003 1047 4069 neque
1064 3982 1262 4067 enimpotus
1283 3981 1348 4047 sed

250 4105 307 4171 sitis
335 4103 546 4191 inexplebilis
576 4114 639 4169 csl.
696 4100 781 4166 Con.
801 4099 834 4164 R
860 4098 963 4166 habet
996 4097 1189 4184 inexplebile
1213 4109 1346 4188 poluus.
1468 4136 1473 4148 ·

251 4222 330 4294 Unde
353 4225 531 4312 legendum
555 4244 634 4289 esse
656 4222 818 4288 arbitror:

515 4365 587 4407 cunc
608 4342 726 4405 siliunt
748 4338 956 4426 inexplebile
973 4346 1063 4426 polu,

251 4460 286 4525 in
309 4475 343 4528 ut
371 4485 433 4548 pro
461 4463 619 4531 adverbio
648 4463 785 4529 Graeca
813 4471 982 4527 structura
1011 4468 1164 4525 neuuum
1191 4459 1350 4527 adiectivi

252 4592 432 4668 usurpatum
456 4580 508 4647 sit.

1073 4692 1113 4759 ll
1124 4693 1140 4730 *
