3700 5625
489 584 534 650 st
963 550 1066 648 'aaa
1089 579 1131 649 ν.

490 768 667 855 archetypi
689 766 768 834 inde
790 767 952 853 descripti
975 776 1167 834 contextum
1187 778 1361 854 receptam
1384 789 1463 835 esse
1486 770 1614 835 existi-

489 910 586 957 mem.
630 886 786 954 Ceterum
804 887 837 952 in
860 888 1089 973 praecedente
1111 886 1282 953 enuntiato
1304 907 1369 973 qao
1386 886 1613 976 urbisCyzici

490 1008 575 1075 situs
598 1006 810 1089 describitur,
832 1007 994 1070 immerito
1012 1006 1080 1075 Sili.
1100 1006 1241 1072 lacunae
1264 1006 1407 1093 vestigia
1430 1006 1614 1093 quaesivit.

490 1126 615 1193 Verbis
643 1127 729 1190 enim
755 1127 881 1210 „cuius
907 1146 929 1191 a
951 1126 1078 1190 vertice
1106 1146 1203 1191 mons
1233 1125 1451 1210 Dindymus“
1485 1135 1616 1191 vertex

492 1246 605 1332 oppidi
638 1246 739 1329 (nam
767 1242 926 1329 oppidum
951 1243 1146 1330 pronomine
1175 1244 1316 1309 relativo
1344 1242 1526 1330 significari
1549 1266 1616 1329 ap·

493 1365 612 1452 paret)
640 1373 693 1428 est
717 1383 798 1447 pars
823 1361 921 1428 altior
942 1361 1084 1426 civitatis
1107 1382 1194 1446 quae
1215 1363 1317 1428 monti
1339 1362 1503 1428 Ursorum
1528 1384 1616 1429 sese

494 1481 658 1568 applicat,
688 1500 780 1567 pone
801 1500 899 1565 quem
921 1479 1109 1565 Dindymus
1131 1477 1309 1546 extollitur.
1355 1479 1501 1567 Cyzicus
1522 1482 1616 1547 enim

494 1602 614 1686 partim
640 1619 703 1685 per
728 1617 882 1681 campum
910 1598 1155 1663 extendebatur
1184 1602 1306 1685 partim
1336 1610 1483 1666 montem
1511 1620 1617 1685 quern

487 1714 631 1804 'Amor
652 1711 726 1803 ἔρος
747 1715 872 1782 Strabo
893 1715 966 1779 ΧΠ.
990 1739 1021 1800 p.
1036 1715 1110 1782 596.
1132 1716 1293 1802 appellat,
1318 1717 1428 1804 aliqua
1446 1738 1489 1783 ex
1513 1728 1617 1804 parte

494 1836 696 1922 occupabat.
748 1834 851 1919 Redit
878 1833 1122 1899 Artacaeorum
1146 1856 1269 1901 nomen
1291 1837 1320 1923 §.
1340 1836 1410 1921 151,
1439 1836 1497 1902 ubi
1524 1839 1618 1903 inter

417 1969 477 2035 112
494 1964 624 2032 insulas
640 1964 754 2051 Cyzici
767 1964 898 2030 vicinas
920 1972 1158 2029 enumerantur
1183 1956 1332 2031 Halone
1353 1980 1436 2037 eum
1458 1956 1616 2057 oppido,

497 2092 717 2194 Delpbacie,
740 2090 945 2192 Polydora,
972 2092 1182 2167 Artacaeon
1210 2116 1292 2167 cum
1321 2092 1471 2193 oppido.

581 2228 717 2293 Fuisset
738 2227 838 2312 igitur
861 2230 993 2292 tertium
1016 2228 1115 2292 etiam
1137 2228 1294 2312 oppidum
1305 2228 1431 2295 Artace
1453 2227 1616 2294 ininsula

498 2348 706 2432 cognomine.
755 2345 866 2429 Atque
892 2346 982 2409 hanc
1009 2347 1140 2429 quidem
1167 2347 1259 2410 novit
1281 2346 1405 2412 Strabo
1427 2346 1495 2426 l.l.,
1520 2347 1617 2431 oppi-

500 2468 574 2531 dum
597 2486 664 2531 nou
686 2474 942 2541 commemorat,
976 2462 1021 2527 ita
1044 2473 1080 2526 ut
1100 2466 1155 2529 vix
1176 2464 1252 2529 mihi
1275 2466 1515 2549 persuadeam,
1546 2487 1618 2531 uno

499 2584 684 2668 eodemque
706 2581 783 2646 loco
807 2580 933 2665 duplex
955 2600 996 2645 eo
1017 2583 1150 2646 nomine
1165 2581 1272 2648 fuisse
1284 2584 1454 2669 oppidum,
1472 2584 1618 2649 alterum

461 2760 465 2767 .
498 2704 531 2769 in
554 2701 731 2788 peninsula
744 2698 1000 2786 Cyzicenorum,
1023 2698 1163 2766 alterum
1185 2703 1217 2767 in
1240 2702 1349 2768 insula
1366 2704 1476 2771 situm.
1523 2705 1618 2779 Qua·

497 2833 639 2908 propter·
667 2820 819 2886 scribere
851 2818 962 2884 malim
989 2818 1152 2906 Polydoro
1172 2822 1362 2888 Artocacoa
1389 2845 1463 2887 cum
1486 2824 1617 2912 oppido,

498 2939 632 3006 scilicet
669 2936 839 3023 Polydora
870 2937 1051 3006 nominato.
1113 2936 1314 3024 Polydorum
1350 2942 1435 3006 enim
1470 2941 1618 3007 insulam

498 3078 607 3144 prope
627 3053 788 3140 Cyzicum
811 3055 908 3119 sitam
933 3052 1040 3123 luisse
1062 3057 1197 3122 tradidit
1211 3057 1405 3141 Stephanus
1421 3081 1451 3129 s.
1463 3081 1506 3138 ιι,
1523 3081 1616 3146 quae

499 3177 631 3264 quidem
653 3173 753 3240 facilc
776 3173 849 3240 fieri
880 3176 985 3259 potuit
1007 3187 1043 3241 ut
1066 3175 1307 3242 Artacaeorum
1330 3199 1408 3244 esse
1432 3178 1616 3246 diceretur.

500 3293 667 3360 Gra-ecum
688 3304 799 3359 autem
820 3295 999 3377 genitivum
1019 3314 1039 3358 a
1057 3291 1159 3359 Plinio
1176 3295 1343 3361 Graecum
1365 3307 1538 3363 auctorem
1560 3319 1615 3364 se·

500 3422 578 3477 cato
606 3411 757 3476 adhiberi
787 3412 861 3495 quis
888 3411 1043 3476 miretur?
1095 3414 1221 3478 Verum
1245 3412 1377 3479 dubiam
1401 3436 1474 3481 eam
1502 3417 1616 3483 conie-

501 3540 629 3595 cturam
655 3528 700 3593 ita
727 3527 880 3613 profero,
914 3539 950 3593 ut
979 3529 1052 3615 ipse
1080 3530 1234 3621 dubitem.
1285 3530 1466 3617 Aliquanto
1493 3537 1522 3624 §
1542 3535 1615 3603 143.

500 3647 720 3712 confidentius
750 3666 812 3732 pro
833 3645 1011 3710 Malianda
1040 3649 1251 3715 scribendum
1276 3671 1354 3716 esse
1385 3675 1510 3720 censeo
1533 3655 1617 3720 dla-

500 3765 639 3848 riaada,
664 3765 752 3829 unde
776 3761 1081 3852 Mariandynorum'
1100 3789 1220 3834 nomen
1234 3751 1380 3835 ‘duotum
1404 3794 1483 3839 csse
1506 3793 1615 3860 appa·

499 3897 564 3952 ret.
608 3882 834 3970 Mariandyne
854 3884 920 3948 iam
943 3883 1134 3951 Harduiuus
1157 3885 1360 3958 coniecerat.

422 4026 484 4092 na
916 4037 1197 4133 150=32,tt.

625 4168 713 4246 dein
733 4172 966 4252 Naulochum
991 4177 1304 4276 promontorium
1329 4178 1494 4256 Estiae
1520 4190 1613 4258 tem-

548 4306 652 4406 plum
676 4307 853 4408 Neptuni.

583 4443 620 4507 ln
649 4443 875 4510 describenda
902 4445 1058 4531 Bosporo
1082 4446 1211 4516 Plinius
1241 4469 1317 4516 eum
1338 4451 1488 4516 orditam
1517 4460 1611 4516 tenet

359 4559 363 4566 ’
499 4569 536 4624 ut
560 4581 583 4627 a
611 4561 815 4646 Propontide
843 4563 980 4649 incipiat
1007 4576 1041 4631 et
1065 4567 1326 4651 septentrionem
1360 4588 1483 4636 versus
1510 4567 1609 4636 locos
