<?xml version="1.0" encoding="UTF-8"?>
<!DOCTYPE html PUBLIC "-//W3C//DTD XHTML 1.0 Transitional//EN"
    "http://www.w3.org/TR/xhtml1/DTD/xhtml1-transitional.dtd">
<html xmlns="http://www.w3.org/1999/xhtml" xml:lang="en" lang="en">
 <head>
  <title>
</title>
<meta http-equiv="Content-Type" content="text/html;charset=utf-8" />
  <meta name='ocr-system' content='tesseract 3.04.00' />
  <meta name='ocr-capabilities' content='ocr_page ocr_carea ocr_par ocr_line ocrx_word'/>
</head>
<body>
  <div class='ocr_page' id='page_1' title='image "./vindiciaeplinia01urligoog_0175.png"; bbox 0 0 3700 5625; ppageno 0'>
   <div class='ocr_carea' id='block_1_1' title="bbox 673 576 1355 652">
    <p class='ocr_par' dir='ltr' id='par_1_1' title="bbox 673 576 1355 652">
     <span class='ocr_line' id='line_1_1' title="bbox 673 576 1355 652; baseline -0.004 -5"><span class='ocrx_word' id='word_1_1' title='bbox 673 577 775 648; x_wconf 79' lang='lat' dir='ltr'><strong>Liber</strong></span> <span class='ocrx_word' id='word_1_2' title='bbox 798 582 841 652; x_wconf 78' lang='lat' dir='ltr'><strong>X.</strong></span> <span class='ocrx_word' id='word_1_3' title='bbox 864 579 932 648; x_wconf 79' lang='lat' dir='ltr'><strong>XI.</strong></span> <span class='ocrx_word' id='word_1_4' title='bbox 1293 576 1355 646; x_wconf 83' lang='grc'><strong>161</strong></span> 
     </span>
    </p>
   </div>
   <div class='ocr_carea' id='block_1_2' title="bbox 248 741 1426 2275">
    <p class='ocr_par' dir='ltr' id='par_1_2' title="bbox 248 741 1426 1798">
     <span class='ocr_line' id='line_1_2' title="bbox 327 741 1357 850; baseline 0 -18"><span class='ocrx_word' id='word_1_5' title='bbox 327 741 477 834; x_wconf 69' lang='lat' dir='ltr'><strong>niumm</strong></span> <span class='ocrx_word' id='word_1_6' title='bbox 489 767 602 832; x_wconf 73' lang='grc'><strong>1111</strong></span> <span class='ocrx_word' id='word_1_7' title='bbox 615 767 788 834; x_wconf 67' lang='lat' dir='ltr'><strong>Pontianus</strong></span> <span class='ocrx_word' id='word_1_8' title='bbox 810 767 949 848; x_wconf 73' lang='lat' dir='ltr'><strong>retexe,</strong></span> <span class='ocrx_word' id='word_1_9' title='bbox 968 765 1128 832; x_wconf 67' lang='lat' dir='ltr'><strong>tornavit</strong></span> <span class='ocrx_word' id='word_1_10' title='bbox 1148 766 1182 832; x_wconf 77' lang='grc'><strong>1</strong></span> <span class='ocrx_word' id='word_1_11' title='bbox 1203 764 1357 850; x_wconf 62' lang='lat' dir='ltr'><strong>namne</strong></span> 
     </span>
     <span class='ocr_line' id='line_1_3' title="bbox 251 875 1358 973; baseline -0.003 -21"><span class='ocrx_word' id='word_1_12' title='bbox 251 884 410 952; x_wconf 79' lang='lat' dir='ltr'><strong>Gelenius.</strong></span> <span class='ocrx_word' id='word_1_13' title='bbox 435 875 438 882; x_wconf 70' lang='grc'><strong>’</strong></span> <span class='ocrx_word' id='word_1_14' title='bbox 461 885 571 960; x_wconf 85' lang='lat' dir='ltr'><strong>Quom</strong></span> <span class='ocrx_word' id='word_1_15' title='bbox 598 889 684 954; x_wconf 87' lang='lat' dir='ltr'><strong>enim</strong></span> <span class='ocrx_word' id='word_1_16' title='bbox 713 887 754 952; x_wconf 88' lang='lat' dir='ltr'><strong>de</strong></span> <span class='ocrx_word' id='word_1_17' title='bbox 782 886 1055 973; x_wconf 77' lang='lat' dir='ltr'><strong>quadrupedibus</strong></span> <span class='ocrx_word' id='word_1_18' title='bbox 1083 882 1282 951; x_wconf 74' lang='lat' dir='ltr'><strong>animalibus</strong></span> <span class='ocrx_word' id='word_1_19' title='bbox 1308 885 1358 949; x_wconf 86' lang='lat' dir='ltr'><strong>di·</strong></span> 
     </span>
     <span class='ocr_line' id='line_1_4' title="bbox 250 1003 1358 1092; baseline 0 -22"><span class='ocrx_word' id='word_1_20' title='bbox 250 1015 354 1091; x_wconf 80' lang='lat' dir='ltr'><strong>spolet</strong></span> <span class='ocrx_word' id='word_1_21' title='bbox 365 1005 505 1089; x_wconf 87' lang='lat' dir='ltr'><strong>Plinius,</strong></span> <span class='ocrx_word' id='word_1_22' title='bbox 525 1005 694 1072; x_wconf 83' lang='lat' dir='ltr'><strong>mulierem</strong></span> <span class='ocrx_word' id='word_1_23' title='bbox 706 1007 841 1092; x_wconf 76' lang='lat' dir='ltr'><strong>generis</strong></span> <span class='ocrx_word' id='word_1_24' title='bbox 859 1005 995 1070; x_wconf 82' lang='lat' dir='ltr'><strong>bornuni</strong></span> <span class='ocrx_word' id='word_1_25' title='bbox 1015 1003 1106 1070; x_wconf 88' lang='lat' dir='ltr'><strong>nullo</strong></span> <span class='ocrx_word' id='word_1_26' title='bbox 1128 1003 1229 1068; x_wconf 89' lang='lat' dir='ltr'><strong>modo</strong></span> <span class='ocrx_word' id='word_1_27' title='bbox 1249 1003 1358 1088; x_wconf 81' lang='lat' dir='ltr'><strong>potuit</strong></span> 
     </span>
     <span class='ocr_line' id='line_1_5' title="bbox 250 1117 1356 1218; baseline -0.003 -28"><span class='ocrx_word' id='word_1_28' title='bbox 250 1145 515 1192; x_wconf 77' lang='lat' dir='ltr'><strong>commemorare.</strong></span> <span class='ocrx_word' id='word_1_29' title='bbox 559 1125 686 1191; x_wconf 84' lang='lat' dir='ltr'><strong>Asines</strong></span> <span class='ocrx_word' id='word_1_30' title='bbox 707 1136 819 1218; x_wconf 77' lang='lat' dir='ltr'><strong>autern</strong></span> <span class='ocrx_word' id='word_1_31' title='bbox 840 1125 905 1190; x_wconf 89' lang='lat' dir='ltr'><strong>iarn</strong></span> <span class='ocrx_word' id='word_1_32' title='bbox 936 1134 1036 1190; x_wconf 83' lang='lat' dir='ltr'><strong>antea</strong></span> <span class='ocrx_word' id='word_1_33' title='bbox 1059 1121 1147 1187; x_wconf 86' lang='lat' dir='ltr'><strong>Vlll.</strong></span> <span class='ocrx_word' id='word_1_34' title='bbox 1167 1117 1238 1186; x_wconf 72' lang='lat'><strong>173.</strong></span> <span class='ocrx_word' id='word_1_35' title='bbox 1279 1119 1356 1187; x_wconf 85' lang='lat' dir='ltr'><strong>Ari·</strong></span> 
     </span>
     <span class='ocr_line' id='line_1_6' title="bbox 249 1239 1412 1327; baseline -0.002 -19"><span class='ocrx_word' id='word_1_36' title='bbox 249 1239 394 1308; x_wconf 84' lang='lat' dir='ltr'><strong>stotelem</strong></span> <span class='ocrx_word' id='word_1_37' title='bbox 415 1241 475 1310; x_wconf 90' lang='lat' dir='ltr'><strong>Vl.</strong></span> <span class='ocrx_word' id='word_1_38' title='bbox 493 1241 545 1307; x_wconf 68' lang='lat'><strong>23.</strong></span> <span class='ocrx_word' id='word_1_39' title='bbox 568 1254 705 1308; x_wconf 85' lang='lat' dir='ltr'><strong>secutus</strong></span> <span class='ocrx_word' id='word_1_40' title='bbox 727 1242 870 1327; x_wconf 86' lang='lat' dir='ltr'><strong>septimo</strong></span> <span class='ocrx_word' id='word_1_41' title='bbox 899 1242 954 1306; x_wconf 92' lang='lat' dir='ltr'><strong>die</strong></span> <span class='ocrx_word' id='word_1_42' title='bbox 983 1261 1005 1306; x_wconf 94' lang='lat' dir='ltr'><strong>a</strong></span> <span class='ocrx_word' id='word_1_43' title='bbox 1025 1251 1124 1327; x_wconf 85' lang='lat' dir='ltr'><strong>portu</strong></span> <span class='ocrx_word' id='word_1_44' title='bbox 1151 1239 1277 1326; x_wconf 82' lang='lat' dir='ltr'><strong>optime</strong></span> <span class='ocrx_word' id='word_1_45' title='bbox 1298 1240 1357 1306; x_wconf 88' lang='lat' dir='ltr'><strong>im·</strong></span> <span class='ocrx_word' id='word_1_46' title='bbox 1401 1263 1412 1288; x_wconf 78' lang='lat'><em>0</em></span> 
     </span>
     <span class='ocr_line' id='line_1_7' title="bbox 250 1356 1355 1446; baseline -0.003 -22"><span class='ocrx_word' id='word_1_47' title='bbox 250 1360 324 1445; x_wconf 82' lang='lat' dir='ltr'><strong>pleri</strong></span> <span class='ocrx_word' id='word_1_48' title='bbox 346 1360 546 1436; x_wconf 65' lang='lat' dir='ltr'><strong>tradideram</strong></span> <span class='ocrx_word' id='word_1_49' title='bbox 567 1360 680 1446; x_wconf 81' lang='lat' dir='ltr'><strong>itaque</strong></span> <span class='ocrx_word' id='word_1_50' title='bbox 700 1359 781 1424; x_wconf 86' lang='lat' dir='ltr'><strong>nilril</strong></span> <span class='ocrx_word' id='word_1_51' title='bbox 804 1360 930 1424; x_wconf 85' lang='lat' dir='ltr'><strong>certius</strong></span> <span class='ocrx_word' id='word_1_52' title='bbox 953 1375 1052 1444; x_wconf 88' lang='lat' dir='ltr'><strong>quam</strong></span> <span class='ocrx_word' id='word_1_53' title='bbox 1073 1356 1130 1422; x_wconf 91' lang='lat' dir='ltr'><strong>bic</strong></span> <span class='ocrx_word' id='word_1_54' title='bbox 1144 1375 1279 1444; x_wconf 86' lang='lat' dir='ltr'><strong>quoquo</strong></span> <span class='ocrx_word' id='word_1_55' title='bbox 1299 1375 1355 1423; x_wconf 88' lang='lat' dir='ltr'><strong>eu·</strong></span> 
     </span>
     <span class='ocr_line' id='line_1_8' title="bbox 248 1474 1426 1563; baseline 0.002 -20"><span class='ocrx_word' id='word_1_56' title='bbox 248 1499 312 1543; x_wconf 90' lang='lat' dir='ltr'><strong>rum</strong></span> <span class='ocrx_word' id='word_1_57' title='bbox 332 1477 535 1543; x_wconf 80' lang='lat' dir='ltr'><strong>mentionem</strong></span> <span class='ocrx_word' id='word_1_58' title='bbox 561 1475 643 1543; x_wconf 89' lang='lat' dir='ltr'><strong>lieri.</strong></span> <span class='ocrx_word' id='word_1_59' title='bbox 693 1477 812 1563; x_wconf 83' lang='lat' dir='ltr'><strong>Neque</strong></span> <span class='ocrx_word' id='word_1_60' title='bbox 838 1489 950 1542; x_wconf 86' lang='lat' dir='ltr'><strong>tamen</strong></span> <span class='ocrx_word' id='word_1_61' title='bbox 977 1496 1053 1542; x_wconf 86' lang='lat' dir='ltr'><strong>eum</strong></span> <span class='ocrx_word' id='word_1_62' title='bbox 1077 1474 1230 1542; x_wconf 86' lang='lat' dir='ltr'><strong>Pintianc</strong></span> <span class='ocrx_word' id='word_1_63' title='bbox 1258 1475 1357 1540; x_wconf 69' lang='lat' dir='ltr'><strong>ulau</strong></span> <span class='ocrx_word' id='word_1_64' title='bbox 1423 1541 1426 1545; x_wconf 72' lang='grc'>,</span> 
     </span>
     <span class='ocr_line' id='line_1_9' title="bbox 249 1592 1356 1682; baseline -0.002 -20"><span class='ocrx_word' id='word_1_65' title='bbox 249 1597 434 1682; x_wconf 84' lang='lat' dir='ltr'><strong>scripserim</strong></span> <span class='ocrx_word' id='word_1_66' title='bbox 456 1596 519 1661; x_wconf 87' lang='lat' dir='ltr'><strong>sed</strong></span> <span class='ocrx_word' id='word_1_67' title='bbox 540 1595 661 1660; x_wconf 81' lang='lat' dir='ltr'><strong>asinus.</strong></span> <span class='ocrx_word' id='word_1_68' title='bbox 715 1595 826 1660; x_wconf 88' lang='lat' dir='ltr'><strong>Prima</strong></span> <span class='ocrx_word' id='word_1_69' title='bbox 853 1604 889 1660; x_wconf 88' lang='lat' dir='ltr'><strong>ut</strong></span> <span class='ocrx_word' id='word_1_70' title='bbox 912 1594 1043 1660; x_wconf 86' lang='lat' dir='ltr'><strong>videtur</strong></span> <span class='ocrx_word' id='word_1_71' title='bbox 1072 1592 1206 1679; x_wconf 82' lang='lat' dir='ltr'><strong>syllaba</strong></span> <span class='ocrx_word' id='word_1_72' title='bbox 1226 1612 1290 1679; x_wconf 84' lang='lat' dir='ltr'><strong>per</strong></span> <span class='ocrx_word' id='word_1_73' title='bbox 1308 1593 1356 1660; x_wconf 89' lang='lat' dir='ltr'><strong>in·</strong></span> 
     </span>
     <span class='ocr_line' id='line_1_10' title="bbox 249 1711 1111 1798; baseline -0.001 -19"><span class='ocrx_word' id='word_1_74' title='bbox 249 1717 366 1780; x_wconf 82' lang='lat' dir='ltr'><strong>curium</strong></span> <span class='ocrx_word' id='word_1_75' title='bbox 387 1711 515 1778; x_wconf 81' lang='lat' dir='ltr'><strong>omissa</strong></span> <span class='ocrx_word' id='word_1_76' title='bbox 534 1713 568 1778; x_wconf 90' lang='lat' dir='ltr'><strong>in</strong></span> <span class='ocrx_word' id='word_1_77' title='bbox 590 1711 777 1798; x_wconf 80' lang='lat' dir='ltr'><strong>archetypo</strong></span> <span class='ocrx_word' id='word_1_78' title='bbox 800 1711 963 1796; x_wconf 86' lang='lat' dir='ltr'><strong>scriptum</strong></span> <span class='ocrx_word' id='word_1_79' title='bbox 984 1711 1111 1778; x_wconf 75' lang='lat' dir='ltr'><strong>sueratc</strong></span> 
     </span>
    </p>

    <p class='ocr_par' dir='ltr' id='par_1_3' title="bbox 681 1851 913 1909">
     <span class='ocr_line' id='line_1_11' title="bbox 681 1851 913 1909; baseline 0.009 -17"><span class='ocrx_word' id='word_1_80' title='bbox 681 1851 804 1896; x_wconf 79' lang='grc'><strong>1111111</strong></span> <span class='ocrx_word' id='word_1_81' title='bbox 826 1851 913 1909; x_wconf 81' lang='lat' dir='ltr'><strong>ruas,</strong></span> 
     </span>
    </p>

    <p class='ocr_par' dir='ltr' id='par_1_4' title="bbox 250 1946 1356 2275">
     <span class='ocr_line' id='line_1_12' title="bbox 250 1946 1355 2036; baseline 0 -20"><span class='ocrx_word' id='word_1_82' title='bbox 250 1952 361 2036; x_wconf 84' lang='lat' dir='ltr'><strong>quibus</strong></span> <span class='ocrx_word' id='word_1_83' title='bbox 387 1946 529 2034; x_wconf 84' lang='lat' dir='ltr'><strong>syllabis</strong></span> <span class='ocrx_word' id='word_1_84' title='bbox 558 1967 645 2032; x_wconf 90' lang='lat' dir='ltr'><strong>quae</strong></span> <span class='ocrx_word' id='word_1_85' title='bbox 671 1967 775 2012; x_wconf 88' lang='lat' dir='ltr'><strong>sensu</strong></span> <span class='ocrx_word' id='word_1_86' title='bbox 801 1967 921 2014; x_wconf 86' lang='lat' dir='ltr'><strong>curere</strong></span> <span class='ocrx_word' id='word_1_87' title='bbox 944 1948 1137 2014; x_wconf 87' lang='lat' dir='ltr'><strong>viderentur</strong></span> <span class='ocrx_word' id='word_1_88' title='bbox 1161 1947 1283 2014; x_wconf 82' lang='lat' dir='ltr'><strong>deletis</strong></span> <span class='ocrx_word' id='word_1_89' title='bbox 1303 1969 1355 2016; x_wconf 84' lang='lat' dir='ltr'><strong>re·</strong></span> 
     </span>
     <span class='ocr_line' id='line_1_13' title="bbox 251 2066 1356 2156; baseline 0.003 -22"><span class='ocrx_word' id='word_1_90' title='bbox 251 2069 370 2134; x_wconf 81' lang='lat' dir='ltr'><strong>ceptior·</strong></span> <span class='ocrx_word' id='word_1_91' title='bbox 392 2068 505 2133; x_wconf 90' lang='lat' dir='ltr'><strong>scribu</strong></span> <span class='ocrx_word' id='word_1_92' title='bbox 528 2066 680 2132; x_wconf 85' lang='lat' dir='ltr'><strong>lacunam</strong></span> <span class='ocrx_word' id='word_1_93' title='bbox 711 2089 811 2156; x_wconf 87' lang='lat' dir='ltr'><strong>quam</strong></span> <span class='ocrx_word' id='word_1_94' title='bbox 841 2070 873 2134; x_wconf 85' lang='lat' dir='ltr'><strong>in</strong></span> <span class='ocrx_word' id='word_1_95' title='bbox 896 2080 990 2135; x_wconf 83' lang='lat' dir='ltr'><strong>textu</strong></span> <span class='ocrx_word' id='word_1_96' title='bbox 1018 2071 1198 2136; x_wconf 83' lang='lat' dir='ltr'><strong>verborum</strong></span> <span class='ocrx_word' id='word_1_97' title='bbox 1221 2072 1356 2155; x_wconf 80' lang='lat' dir='ltr'><strong>conspi-</strong></span> 
     </span>
     <span class='ocr_line' id='line_1_14' title="bbox 252 2187 1102 2275; baseline 0.004 -21"><span class='ocrx_word' id='word_1_98' title='bbox 252 2191 362 2268; x_wconf 83' lang='lat' dir='ltr'><strong>ciebat,</strong></span> <span class='ocrx_word' id='word_1_99' title='bbox 388 2189 528 2254; x_wconf 86' lang='lat' dir='ltr'><strong>vocibus</strong></span> <span class='ocrx_word' id='word_1_100' title='bbox 551 2197 583 2252; x_wconf 85' lang='lat' dir='ltr'><strong>et</strong></span> <span class='ocrx_word' id='word_1_101' title='bbox 604 2187 722 2253; x_wconf 82' lang='lat' dir='ltr'><strong>mulier</strong></span> <span class='ocrx_word' id='word_1_102' title='bbox 741 2187 920 2256; x_wconf 79' lang='lat' dir='ltr'><strong>infeliciter</strong></span> <span class='ocrx_word' id='word_1_103' title='bbox 942 2189 1102 2275; x_wconf 85' lang='lat' dir='ltr'><strong>explevit.</strong></span> 
     </span>
    </p>
   </div>
   <div class='ocr_carea' id='block_1_3' title="bbox 287 2340 1356 2662">
    <p class='ocr_par' dir='ltr' id='par_1_5' title="bbox 287 2340 1356 2662">
     <span class='ocr_line' id='line_1_15' title="bbox 324 2340 1125 2436; baseline 0.002 -32"><span class='ocrx_word' id='word_1_104' title='bbox 324 2344 442 2416; x_wconf 88' lang='lat' dir='ltr'><strong>Quare</strong></span> <span class='ocrx_word' id='word_1_105' title='bbox 463 2340 588 2404; x_wconf 89' lang='lat' dir='ltr'><strong>Plinius</strong></span> <span class='ocrx_word' id='word_1_106' title='bbox 607 2340 682 2425; x_wconf 89' lang='lat' dir='ltr'><strong>ipse</strong></span> <span class='ocrx_word' id='word_1_107' title='bbox 701 2340 752 2406; x_wconf 88' lang='lat' dir='ltr'><strong>sic</strong></span> <span class='ocrx_word' id='word_1_108' title='bbox 773 2340 906 2436; x_wconf 86' lang='lat' dir='ltr'><strong>videtur</strong></span> <span class='ocrx_word' id='word_1_109' title='bbox 927 2341 1125 2427; x_wconf 73' lang='lat' dir='ltr'><strong>scripsisset</strong></span> 
     </span>
     <span class='ocr_line' id='line_1_16' title="bbox 287 2457 1356 2551; baseline 0.002 -29"><span class='ocrx_word' id='word_1_110' title='bbox 287 2460 399 2551; x_wconf 80' lang='lat' dir='ltr'><strong>Equos</strong></span> <span class='ocrx_word' id='word_1_111' title='bbox 426 2465 539 2520; x_wconf 77' lang='lat' dir='ltr'><strong>aalma</strong></span> <span class='ocrx_word' id='word_1_112' title='bbox 557 2466 630 2544; x_wconf 82' lang='lat' dir='ltr'><strong>post</strong></span> <span class='ocrx_word' id='word_1_113' title='bbox 656 2477 782 2521; x_wconf 81' lang='lat' dir='ltr'><strong>uanum</strong></span> <span class='ocrx_word' id='word_1_114' title='bbox 810 2457 851 2523; x_wconf 83' lang='lat' dir='ltr'><strong>ab</strong></span> <span class='ocrx_word' id='word_1_115' title='bbox 875 2459 980 2524; x_wconf 78' lang='lat' dir='ltr'><strong>enixa</strong></span> <span class='ocrx_word' id='word_1_116' title='bbox 1005 2482 1038 2526; x_wconf 80' lang='lat' dir='ltr'><strong>u.</strong></span> <span class='ocrx_word' id='word_1_117' title='bbox 1060 2483 1093 2526; x_wconf 86' lang='grc'><strong>1.</strong></span> <span class='ocrx_word' id='word_1_118' title='bbox 1112 2483 1145 2548; x_wconf 83' lang='lat' dir='ltr'><strong>p.</strong></span> <span class='ocrx_word' id='word_1_119' title='bbox 1164 2480 1193 2527; x_wconf 89' lang='lat' dir='ltr'><strong>c.</strong></span> <span class='ocrx_word' id='word_1_120' title='bbox 1222 2460 1356 2537; x_wconf 73' lang='lat' dir='ltr'><strong>incitas,</strong></span> 
     </span>
     <span class='ocr_line' id='line_1_17' title="bbox 288 2575 648 2662; baseline -0.011 -22"><span class='ocrx_word' id='word_1_121' title='bbox 288 2577 418 2640; x_wconf 80' lang='lat' dir='ltr'><strong>asinus</strong></span> <span class='ocrx_word' id='word_1_122' title='bbox 438 2575 574 2662; x_wconf 78' lang='lat' dir='ltr'><strong>septimo</strong></span> <span class='ocrx_word' id='word_1_123' title='bbox 590 2575 648 2639; x_wconf 87' lang='lat' dir='ltr'><strong>rel.</strong></span> 
     </span>
    </p>
   </div>
   <div class='ocr_carea' id='block_1_4' title="bbox 629 2828 1440 3135">
    <p class='ocr_par' dir='ltr' id='par_1_6' title="bbox 629 2828 1440 3135">
     <span class='ocr_line' id='line_1_18' title="bbox 629 2828 916 2938; baseline 0.007 -23"><span class='ocrx_word' id='word_1_124' title='bbox 629 2828 916 2938; x_wconf 77' lang='grc' dir='ltr'><strong>Ι1111111</strong></span> 
     </span>
     <span class='ocr_line' id='line_1_19' title="bbox 711 3039 1440 3135; baseline 0 -22"><span class='ocrx_word' id='word_1_125' title='bbox 711 3039 891 3135; x_wconf 60' lang='lat' dir='ltr'><strong>5=e2</strong></span> <span class='ocrx_word' id='word_1_126' title='bbox 1378 3066 1440 3134; x_wconf 59' lang='grc' dir='ltr'><strong>ιω</strong></span> 
     </span>
    </p>
   </div>
   <div class='ocr_carea' id='block_1_5' title="bbox 296 3172 1359 3293">
    <p class='ocr_par' dir='ltr' id='par_1_7' title="bbox 296 3172 1359 3293">
     <span class='ocr_line' id='line_1_20' title="bbox 296 3172 1359 3293; baseline 0.001 -26"><span class='ocrx_word' id='word_1_127' title='bbox 296 3192 444 3267; x_wconf 86' lang='lat' dir='ltr'><strong>Insectu</strong></span> <span class='ocrx_word' id='word_1_128' title='bbox 466 3188 572 3265; x_wconf 89' lang='lat' dir='ltr'><strong>multi</strong></span> <span class='ocrx_word' id='word_1_129' title='bbox 598 3201 779 3289; x_wconf 84' lang='lat' dir='ltr'><strong>negarunt</strong></span> <span class='ocrx_word' id='word_1_130' title='bbox 799 3189 958 3292; x_wconf 88' lang='lat' dir='ltr'><strong>spirare,</strong></span> <span class='ocrx_word' id='word_1_131' title='bbox 977 3172 1090 3291; x_wconf 83' lang='lat' dir='ltr'><strong>idque</strong></span> <span class='ocrx_word' id='word_1_132' title='bbox 1108 3192 1252 3268; x_wconf 90' lang='lat' dir='ltr'><strong>ratione</strong></span> <span class='ocrx_word' id='word_1_133' title='bbox 1272 3216 1359 3293; x_wconf 87' lang='lat' dir='ltr'><strong>per·</strong></span> 
     </span>
    </p>
   </div>
   <div class='ocr_carea' id='block_1_6' title="bbox 296 3327 1359 3547">
    <p class='ocr_par' dir='ltr' id='par_1_8' title="bbox 296 3327 1359 3547">
     <span class='ocr_line' id='line_1_21' title="bbox 297 3327 1359 3429; baseline 0 -24"><span class='ocrx_word' id='word_1_134' title='bbox 297 3329 510 3423; x_wconf 86' lang='lat' dir='ltr'><strong>suadentes,</strong></span> <span class='ocrx_word' id='word_1_135' title='bbox 530 3328 701 3428; x_wconf 88' lang='lat' dir='ltr'><strong>quonium</strong></span> <span class='ocrx_word' id='word_1_136' title='bbox 718 3329 864 3407; x_wconf 87' lang='lat' dir='ltr'><strong>viscera</strong></span> <span class='ocrx_word' id='word_1_137' title='bbox 885 3329 1064 3407; x_wconf 84' lang='lat' dir='ltr'><strong>interiora</strong></span> <span class='ocrx_word' id='word_1_138' title='bbox 1085 3354 1219 3407; x_wconf 83' lang='lat' dir='ltr'><strong>nexus</strong></span> <span class='ocrx_word' id='word_1_139' title='bbox 1242 3327 1359 3429; x_wconf 83' lang='lat' dir='ltr'><strong>spira·</strong></span> 
     </span>
     <span class='ocr_line' id='line_1_22' title="bbox 296 3466 674 3547; baseline -0.016 0"><span class='ocrx_word' id='word_1_140' title='bbox 296 3470 377 3547; x_wconf 86' lang='lat' dir='ltr'><strong>bilis</strong></span> <span class='ocrx_word' id='word_1_141' title='bbox 403 3466 674 3546; x_wconf 63' lang='lat' dir='ltr'><strong>nominasset.</strong></span> 
     </span>
    </p>
   </div>
   <div class='ocr_carea' id='block_1_7' title="bbox 258 3616 1366 4533">
    <p class='ocr_par' dir='ltr' id='par_1_9' title="bbox 258 3616 1366 4533">
     <span class='ocr_line' id='line_1_23' title="bbox 327 3616 1361 3701; baseline -0.002 -16"><span class='ocrx_word' id='word_1_142' title='bbox 327 3621 428 3696; x_wconf 85' lang='lat' dir='ltr'><strong>Quod</strong></span> <span class='ocrx_word' id='word_1_143' title='bbox 457 3618 561 3701; x_wconf 82' lang='lat' dir='ltr'><strong>vulgo</strong></span> <span class='ocrx_word' id='word_1_144' title='bbox 590 3626 668 3681; x_wconf 82' lang='lat' dir='ltr'><strong>unte</strong></span> <span class='ocrx_word' id='word_1_145' title='bbox 696 3616 901 3681; x_wconf 76' lang='lat' dir='ltr'><strong>Hercluinum</strong></span> <span class='ocrx_word' id='word_1_146' title='bbox 928 3616 1104 3700; x_wconf 82' lang='lat' dir='ltr'><strong>legebatur</strong></span> <span class='ocrx_word' id='word_1_147' title='bbox 1136 3616 1255 3681; x_wconf 76' lang='lat' dir='ltr'><strong>visceri</strong></span> <span class='ocrx_word' id='word_1_148' title='bbox 1278 3620 1361 3683; x_wconf 69' lang='lat' dir='ltr'><strong>tore</strong></span> 
     </span>
     <span class='ocr_line' id='line_1_24' title="bbox 258 3732 1361 3810; baseline -0.003 -10"><span class='ocrx_word' id='word_1_149' title='bbox 258 3739 327 3801; x_wconf 76' lang='lat' dir='ltr'><strong>riori</strong></span> <span class='ocrx_word' id='word_1_150' title='bbox 347 3758 370 3804; x_wconf 59' lang='lat' dir='ltr'><strong>a,</strong></span> <span class='ocrx_word' id='word_1_151' title='bbox 381 3737 477 3803; x_wconf 86' lang='lat' dir='ltr'><strong>libris</strong></span> <span class='ocrx_word' id='word_1_152' title='bbox 489 3735 574 3799; x_wconf 89' lang='lat' dir='ltr'><strong>Mss.</strong></span> <span class='ocrx_word' id='word_1_153' title='bbox 589 3732 763 3810; x_wconf 83' lang='lat' dir='ltr'><strong>abhorret3</strong></span> <span class='ocrx_word' id='word_1_154' title='bbox 785 3734 945 3799; x_wconf 88' lang='lat' dir='ltr'><strong>llurduini</strong></span> <span class='ocrx_word' id='word_1_155' title='bbox 969 3735 1163 3800; x_wconf 85' lang='lat' dir='ltr'><strong>coniectura</strong></span> <span class='ocrx_word' id='word_1_156' title='bbox 1182 3736 1220 3797; x_wconf 81' lang='lat' dir='ltr'><strong>ia</strong></span> <span class='ocrx_word' id='word_1_157' title='bbox 1233 3737 1361 3799; x_wconf 80' lang='lat' dir='ltr'><strong>uiscera</strong></span> 
     </span>
     <span class='ocr_line' id='line_1_25' title="bbox 259 3846 1361 3942; baseline -0.001 -24"><span class='ocrx_word' id='word_1_158' title='bbox 259 3868 365 3923; x_wconf 82' lang='lat' dir='ltr'><strong>contra</strong></span> <span class='ocrx_word' id='word_1_159' title='bbox 389 3854 640 3942; x_wconf 79' lang='lat' dir='ltr'><strong>grammaticum</strong></span> <span class='ocrx_word' id='word_1_160' title='bbox 665 3865 805 3939; x_wconf 64' lang='lat' dir='ltr'><strong>peccam</strong></span> <span class='ocrx_word' id='word_1_161' title='bbox 833 3846 1070 3933; x_wconf 71' lang='lat' dir='ltr'><strong>latescentem,</strong></span> <span class='ocrx_word' id='word_1_162' title='bbox 1100 3854 1191 3940; x_wconf 88' lang='lat' dir='ltr'><strong>qnod</strong></span> <span class='ocrx_word' id='word_1_163' title='bbox 1213 3852 1361 3941; x_wconf 76' lang='lat' dir='ltr'><strong>Silligius</strong></span> 
     </span>
     <span class='ocr_line' id='line_1_26' title="bbox 258 3969 1361 4059; baseline 0.001 -23"><span class='ocrx_word' id='word_1_164' title='bbox 258 3977 363 4059; x_wconf 89' lang='lat' dir='ltr'><strong>reponi</strong></span> <span class='ocrx_word' id='word_1_165' title='bbox 386 3972 468 4051; x_wconf 85' lang='lat' dir='ltr'><strong>vult,</strong></span> <span class='ocrx_word' id='word_1_166' title='bbox 490 3969 611 4037; x_wconf 85' lang='lat' dir='ltr'><strong>falsum</strong></span> <span class='ocrx_word' id='word_1_167' title='bbox 635 3990 714 4037; x_wconf 88' lang='lat' dir='ltr'><strong>esse</strong></span> <span class='ocrx_word' id='word_1_168' title='bbox 736 3972 810 4057; x_wconf 88' lang='lat' dir='ltr'><strong>quis</strong></span> <span class='ocrx_word' id='word_1_169' title='bbox 833 3992 900 4037; x_wconf 88' lang='lat' dir='ltr'><strong>non</strong></span> <span class='ocrx_word' id='word_1_170' title='bbox 921 3971 1093 4059; x_wconf 74' lang='lat' dir='ltr'><strong>intelligit?</strong></span> <span class='ocrx_word' id='word_1_171' title='bbox 1117 3972 1361 4047; x_wconf 87' lang='lat' dir='ltr'><strong>Quandoenim</strong></span> 
     </span>
     <span class='ocr_line' id='line_1_27' title="bbox 259 4090 1362 4174; baseline 0.003 -20"><span class='ocrx_word' id='word_1_172' title='bbox 259 4112 354 4158; x_wconf 82' lang='lat' dir='ltr'><strong>nexus</strong></span> <span class='ocrx_word' id='word_1_173' title='bbox 379 4092 516 4157; x_wconf 85' lang='lat' dir='ltr'><strong>viscera</strong></span> <span class='ocrx_word' id='word_1_174' title='bbox 538 4090 642 4153; x_wconf 88' lang='lat' dir='ltr'><strong>inisse</strong></span> <span class='ocrx_word' id='word_1_175' title='bbox 665 4090 823 4172; x_wconf 85' lang='lat' dir='ltr'><strong>potuerit,</strong></span> <span class='ocrx_word' id='word_1_176' title='bbox 846 4090 1009 4174; x_wconf 88' lang='lat' dir='ltr'><strong>temporis</strong></span> <span class='ocrx_word' id='word_1_177' title='bbox 1031 4102 1230 4155; x_wconf 86' lang='lat' dir='ltr'><strong>momentum</strong></span> <span class='ocrx_word' id='word_1_178' title='bbox 1246 4108 1362 4157; x_wconf 89' lang='lat' dir='ltr'><strong>neco·</strong></span> 
     </span>
     <span class='ocr_line' id='line_1_28' title="bbox 258 4205 1364 4295; baseline 0.001 -21"><span class='ocrx_word' id='word_1_179' title='bbox 258 4212 341 4294; x_wconf 78' lang='lat' dir='ltr'><strong>giloni</strong></span> <span class='ocrx_word' id='word_1_180' title='bbox 365 4209 500 4295; x_wconf 86' lang='lat' dir='ltr'><strong>quidem</strong></span> <span class='ocrx_word' id='word_1_181' title='bbox 523 4216 644 4291; x_wconf 86' lang='lat' dir='ltr'><strong>potest.</strong></span> <span class='ocrx_word' id='word_1_182' title='bbox 687 4205 742 4271; x_wconf 67' lang='lat' dir='ltr'><strong>ult</strong></span> <span class='ocrx_word' id='word_1_183' title='bbox 763 4225 844 4270; x_wconf 85' lang='lat' dir='ltr'><strong>vero</strong></span> <span class='ocrx_word' id='word_1_184' title='bbox 865 4206 963 4291; x_wconf 82' lang='lat' dir='ltr'><strong>plura</strong></span> <span class='ocrx_word' id='word_1_185' title='bbox 987 4207 1125 4273; x_wconf 89' lang='lat' dir='ltr'><strong>insectis</strong></span> <span class='ocrx_word' id='word_1_186' title='bbox 1146 4224 1364 4291; x_wconf 81' lang='lat' dir='ltr'><strong>praetorne·</strong></span> 
     </span>
     <span class='ocr_line' id='line_1_29' title="bbox 258 4322 1364 4415; baseline 0.004 -25"><span class='ocrx_word' id='word_1_187' title='bbox 258 4348 326 4393; x_wconf 86' lang='lat' dir='ltr'><strong>xum</strong></span> <span class='ocrx_word' id='word_1_188' title='bbox 338 4326 534 4415; x_wconf 87' lang='lat' dir='ltr'><strong>spirabilem</strong></span> <span class='ocrx_word' id='word_1_189' title='bbox 556 4324 680 4389; x_wconf 87' lang='lat' dir='ltr'><strong>deesse</strong></span> <span class='ocrx_word' id='word_1_190' title='bbox 702 4322 786 4387; x_wconf 85' lang='lat' dir='ltr'><strong>infre</strong></span> <span class='ocrx_word' id='word_1_191' title='bbox 799 4323 828 4411; x_wconf 82' lang='lat'>§</span> <span class='ocrx_word' id='word_1_192' title='bbox 840 4322 870 4388; x_wconf 86' lang='lat'><strong>9.</strong></span> <span class='ocrx_word' id='word_1_193' title='bbox 880 4344 924 4387; x_wconf 82' lang='lat' dir='ltr'><strong>ex</strong></span> <span class='ocrx_word' id='word_1_194' title='bbox 933 4322 1117 4390; x_wconf 84' lang='lat' dir='ltr'><strong>Aristotele</strong></span> <span class='ocrx_word' id='word_1_195' title='bbox 1129 4324 1185 4391; x_wconf 90' lang='lat' dir='ltr'><strong>lV.</strong></span> <span class='ocrx_word' id='word_1_196' title='bbox 1195 4326 1226 4394; x_wconf 87' lang='grc'><strong>7.</strong></span> <span class='ocrx_word' id='word_1_197' title='bbox 1237 4327 1364 4394; x_wconf 86' lang='lat' dir='ltr'><strong>diserte</strong></span> 
     </span>
     <span class='ocr_line' id='line_1_30' title="bbox 259 4443 1366 4533; baseline 0.001 -21"><span class='ocrx_word' id='word_1_198' title='bbox 259 4450 404 4515; x_wconf 79' lang='lat' dir='ltr'><strong>traditur:</strong></span> <span class='ocrx_word' id='word_1_199' title='bbox 422 4445 526 4533; x_wconf 84' lang='lat' dir='ltr'><strong>„nihil</strong></span> <span class='ocrx_word' id='word_1_200' title='bbox 539 4445 663 4524; x_wconf 81' lang='lat' dir='ltr'><strong>intus“,</strong></span> <span class='ocrx_word' id='word_1_201' title='bbox 683 4443 739 4522; x_wconf 84' lang='lat' dir='ltr'><strong>ait,</strong></span> <span class='ocrx_word' id='word_1_202' title='bbox 753 4443 840 4521; x_wconf 83' lang='lat' dir='ltr'><strong>„nisi</strong></span> <span class='ocrx_word' id='word_1_203' title='bbox 852 4443 1031 4509; x_wconf 79' lang='lat' dir='ltr'><strong>admodum</strong></span> <span class='ocrx_word' id='word_1_204' title='bbox 1045 4447 1165 4529; x_wconf 86' lang='lat' dir='ltr'><strong>paucis</strong></span> <span class='ocrx_word' id='word_1_205' title='bbox 1174 4445 1366 4513; x_wconf 86' lang='lat' dir='ltr'><strong>intestinum</strong></span> 
     </span>
    </p>
   </div>
   <div class='ocr_carea' id='block_1_8' title="bbox 260 4563 1365 4748">
    <p class='ocr_par' dir='ltr' id='par_1_10' title="bbox 260 4563 1365 4748">
     <span class='ocr_line' id='line_1_31' title="bbox 260 4563 1365 4653; baseline 0.007 -26"><span class='ocrx_word' id='word_1_206' title='bbox 260 4564 485 4652; x_wconf 87' lang='lat' dir='ltr'><strong>implicatum“.</strong></span> <span class='ocrx_word' id='word_1_207' title='bbox 505 4564 647 4633; x_wconf 84' lang='lat' dir='ltr'><strong>Scilicet</strong></span> <span class='ocrx_word' id='word_1_208' title='bbox 670 4564 790 4630; x_wconf 82' lang='lat' dir='ltr'><strong>omnia</strong></span> <span class='ocrx_word' id='word_1_209' title='bbox 803 4563 1038 4631; x_wconf 87' lang='lat' dir='ltr'><strong>desiderantur</strong></span> <span class='ocrx_word' id='word_1_210' title='bbox 1058 4582 1148 4651; x_wconf 84' lang='lat' dir='ltr'><strong>quaa</strong></span> <span class='ocrx_word' id='word_1_211' title='bbox 1169 4566 1213 4631; x_wconf 88' lang='lat' dir='ltr'><strong>ad</strong></span> <span class='ocrx_word' id='word_1_212' title='bbox 1235 4568 1365 4653; x_wconf 79' lang='lat' dir='ltr'><strong>spiran-</strong></span> 
     </span>
     <span class='ocr_line' id='line_1_32' title="bbox 1115 4683 1155 4748; baseline 0 0"><span class='ocrx_word' id='word_1_213' title='bbox 1115 4683 1155 4748; x_wconf 89' lang='lat' dir='ltr'><strong>ll</strong></span> 
     </span>
    </p>
   </div>
   <div class='ocr_carea' id='block_1_9' title="bbox 0 0 1865 5625">
    <p class='ocr_par' dir='ltr' id='par_1_11' title="bbox 0 0 1865 5625">
     <span class='ocr_line' id='line_1_33' title="bbox 0 0 1865 5625; baseline 0 0"><span class='ocrx_word' id='word_1_214' title='bbox 0 0 1865 5625; x_wconf 95' lang='lat' dir='ltr'><strong> </strong></span> 
     </span>
    </p>
   </div>
  </div>
 </body>
</html>
