3700 5625
725 737 951 854 'acerra
988 695 991 706 ’
1356 735 1399 806 ar

347 925 437 1002 inter
464 951 507 1004 se
543 934 580 1005 et
611 953 694 1008 cnm
726 929 807 1010 aliis
843 930 1073 1010 insociabilia
1098 931 1259 1033 glutino,
1304 932 1400 1010 sicut

348 1059 475 1169 robur,
510 1084 581 1138 nec
604 1062 681 1139 lere
709 1063 910 1142 cohaerent
936 1065 1005 1141 nisi
1032 1064 1163 1141 similia
1189 1073 1333 1157 natura,
1356 1073 1423 1176 ut!

350 1191 379 1268 si
405 1192 488 1290 quis
514 1190 673 1295 lapidem
700 1194 915 1295 lignumque
943 1199 1145 1299 coniungit.
1246 1197 1248 1206 ⁴

377 1324 628 1391 Vexatissimum
644 1330 749 1392 locum
763 1331 859 1396 Ianus
877 1330 993 1415 partim
1005 1330 1258 1413 interpunctione
1276 1336 1400 1395 mutata

299 1444 443 1525 correxit,
461 1464 538 1508 nam
548 1446 723 1510 rectissime
735 1466 756 1511 a
767 1451 953 1527 veraedum
965 1469 1083 1512 novum
1102 1469 1230 1513 sensum
1251 1447 1399 1530 instituit,

298 1560 410 1644 partim
437 1569 620 1645 corruptum
653 1565 788 1651 reliquit.
831 1553 971 1630 Ρτίὶηααι
1004 1566 1088 1630 enim
1121 1585 1219 1631 eausa
1246 1587 1310 1631 non
1339 1573 1399 1649 est,

298 1697 352 1740 cur
367 1677 513 1774 codicum
519 1678 610 1744 MSS.
621 1681 715 1746 lectio
727 1689 885 1760 plutinotio
893 1683 1069 1766 deseratur,
1092 1683 1208 1749 deinde
1221 1683 1253 1747 in
1265 1683 1328 1747 fine
1337 1705 1399 1768 pro

298 1800 481 1860 lassantur
505 1797 707 1863 scribendum
729 1806 781 1864 est
801 1804 998 1865 dissimiliaut
1006 1801 1212 1867 concinnitati
1222 1806 1400 1866 structurae
1511 1840 1512 1845 κ

298 1916 481 1979 consulatur
492 1914 914 2002 simulqueTheophrastiV.
922 1918 1086 1987 7.2verba
1098 1919 1152 1986 δεῖ
1161 1915 1399 2004 retpotonem-1

203 2046 204 2049 ’
296 2019 607 2116 εἶναιτᾶμέλλαντα
631 2035 845 2120 συμφύεσθαι
866 2042 922 2103 καὶ
943 2036 986 2123 μὴ
1008 2032 1144 2103 ἐναντία
1164 2019 1420 2123 aaraneoavet‘
1531 2103 1538 2110 ,

296 2148 391 2213 λίθον
412 2155 470 2215 καὶ
491 2151 590 2227 ξύλον
612 2155 790 2218 accuratius
815 2155 1041 2240 exprimantur.
1064 2153 1170 2219 Nesia
1184 2153 1312 2241 quidem
1326 2173 1398 2240 per·

297 2272 426 2329 sanatus
442 2273 492 2332 est
511 2267 610 2336 locus.
632 2269 715 2336 Nam
726 2291 822 2336 voces
836 2282 865 2335 et
877 2279 980 2352 crispa
999 2293 1079 2360 ques
1100 2275 1196 2337 Ianus
1211 2273 1257 2337 ita
1271 2271 1400 2337 divulsit

296 2389 329 2446 ut
349 2405 407 2469 pro
428 2398 457 2448 et
469 2383 623 2452 scriberet
645 2401 697 2472 est,
718 2397 819 2470 crispo
843 2397 950 2455 autem
972 2389 1014 2454 ed
1037 2391 1173 2456 alterum
1195 2411 1324 2454 sensum
1345 2411 1399 2455 re-

295 2498 399 2583 ferret,
412 2504 533 2588 pariter
542 2510 739 2572 aclocunoso
762 2513 925 2571 strrrnineae
940 2528 1042 2573 venae
1055 2515 1267 2595 opponuntur.
1288 2511 1399 2594 Itaque

296 2623 497 2690 scribendum
519 2627 593 2690 erit:
637 2633 775 2704 quonium
797 2632 944 2688 lrrcuaoso
966 2635 995 2689 et
1015 2632 1118 2706 crispo
1141 2633 1177 2690 in‘
1193 2632 1271 2692 onrni
1291 2646 1400 2706 perrara

295 2749 435 2821 plotinum
457 2747 608 2808 abdicant.
654 2747 810 2827 eraedam
830 2743 886 2808 rel.

377 2864 403 2945 §.
424 2863 488 2927 228
532 2862 696 2947 vulgatam
724 2862 894 2927 lectionem
919 2866 1064 2943 flexibilis
1085 2861 1203 2947 probo,
1236 2862 1398 2948 proximas

297 2979 438 3043 codicum
462 2969 585 3044 litteras
604 2986 666 3043 trito
696 2962 762 3045 Sill.
784 2978 943 3065 probabili
966 2980 1149 3044 coniectura
1170 2980 1202 3042 in
1224 2986 1276 3044 cui
1296 2986 1399 3045 muta·

297 3096 350 3181 vit,
372 3097 434 3162 nisi
455 3098 539 3161 forte
562 3078 586 3160 e
602 3096 861 3182 praecedentium
873 3096 1062 3181 repetitione
1084 3104 1173 3160 ortae
1196 3102 1276 3159 sunt.
1300 3098 1327 3179 ἓ.
1337 3094 1397 3163 231

296 3216 430 3279 secentur
451 3214 569 3280 malim.
789 3216 792 3221 ’

689 3336 761 3411 333
806 3335 912 3423 33,
938 3337 997 3410 en.
1418 3324 1481 3392 296
1546 3314 1564 3352 ·

341 3463 450 3542 lllodo
495 3463 639 3541 luxuria
677 3489 752 3542 non
789 3465 907 3542 luerat
947 3470 1121 3541 contenta
1159 3464 1282 3564 ligno;
1326 3465 1395 3541 iam

343 3596 480 3696 lignum
508 3598 578 3673 emi
604 3597 790 3675 testudine
816 3597 913 3674 lacit.

375 3730 425 3796 Ita
447 3753 465 3795 e
486 3729 596 3804 codice
617 3728 824 3812 aess1.,em·m
847 3751 863 3794 a
884 3729 952 3793 Ian.
975 3748 993 3793 3
1015 3726 1107 3793 codd.
1121 3726 1397 3811 TdJHardninum

299 3836 437 3932 secutus,
461 3850 513 3913 cui
533 3855 643 3912 tamen
664 3849 735 3934 ipsa
756 3867 795 3912 ea
816 3847 912 3911 lectio
935 3846 1110 3931 displicuit,
1138 3853 1173 3911 ut
1195 3852 1282 3909 etiam
1309 3846 1396 3910 coni·

205 3967 206 4022 l
300 3970 387 4029 aeret.
427 3966 474 4031 At
504 3985 579 4031 vero
601 3973 658 4031 aut
684 3966 773 4031 nulla
794 3972 850 4031 aut
879 3963 1085 4035 adversativa
1110 3962 1267 4048 particula
1293 3961 1396 4047 requi-

300 4080 372 4147 ritur
392 4102 475 4168 quae
491 4102 642 4167 magnam
662 4104 787 4149 morum
807 4082 1090 4149 commutationem
1110 4079 1229 4145 factam
1246 4099 1319 4145 esse
1341 4079 1396 4142 de·

301 4197 400 4263 claret.
443 4200 621 4265 Praeterea
657 4221 730 4265 curn
751 4189 847 4267 modo
878 4198 1002 4265 Plinius
1029 4198 1225 4279 narraverit,
1259 4196 1396 4263 Neronis

205 4317 206 4320 ’
301 4322 398 4379 aetate
429 4316 623 4381 testudinem
656 4339 739 4403 quae
766 4319 906 4402 lignum·
938 4319 1115 4383 imitaretur
1146 4321 1246 4395 pluris
1288 4319 1396 4395 venna,

303 4448 389 4516 aegre
411 4454 490 4498 voce
512 4434 673 4502 contraria
700 4441 757 4501 emt
776 4454 933 4499 caremus.
970 4433 1083 4519 Neque
1106 4440 1213 4499 tamen
1234 4432 1395 4499 testudine

303 4547 353 4612 ted
371 4556 400 4613 in
421 4556 567 4617 testudine
588 4552 709 4637 lignum
732 4551 915 4633 emebatur,
949 4570 1032 4637 quae
1065 4553 1259 4639 praepositio
1285 4550 1396 4621 ultima

304 4665 383 4734 verbi
401 4668 513 4739 littera
533 4668 686 4753 absorpta
706 4675 765 4737 est.
