3700 5625
468 631 509 698 12
933 630 1035 700 Liber
1052 632 1119 701 Ila

467 817 548 884 cidit
567 826 605 884 ut
625 816 851 904 olympiadem
871 816 974 888 xta.
991 826 1393 905 exactamfcomputarat
1413 838 1513 907 quum
1534 821 1585 891 in·

467 937 611 1022 aipienta
633 945 676 1004 ea
696 937 776 1002 anni
797 936 935 1001 ccxlv
958 934 1155 1003 efficiantur.
1198 937 1267 1007 lam
1288 959 1370 1005 vero
1393 939 1470 1025 quia
1491 960 1582 1007 anuo

465 1056 510 1122 ab
540 1058 628 1122 urbe
653 1056 789 1122 condita
815 1053 949 1123 exul.
973 1055 1141 1152 olympias
1158 1054 1267 1134 'XLlL
1294 1057 1479 1139 indicatur,
1512 1060 1585 1127 Pli-

464 1174 541 1240 nius
562 1186 762 1259 autemnon
783 1184 897 1259 potest
918 1195 985 1239 non
1008 1174 1189 1260 scripsisse
1208 1174 1323 1243 LXII
1325 1188 1507 1271 ,apparet
1528 1179 1584 1246 vi·

464 1292 543 1359 tium
561 1292 749 1380 archetypo
772 1294 892 1359 codice
911 1293 1078 1381 antiquius
1099 1292 1187 1359 illurn
1211 1298 1463 1379 grammaticum
1483 1295 1582 1363 fefel-

461 1410 547 1477 lisse
567 1412 663 1479 ouius
683 1434 882 1498 perversam
904 1413 1101 1480 industriam
1132 1413 1231 1481 etiam
1258 1413 1336 1479 alibi
1359 1415 1581 1499 deprehendi.

461 1552 546 1599 tuus.
613 1532 740 1600 Plinius
775 1532 862 1598 enim
892 1552 993 1618 quum
1017 1533 1096 1599 eius
1128 1529 1203 1599 fare
1231 1532 1381 1603 auctoris
1415 1552 1497 1599 aera
1530 1538 1581 1603 uti

460 1647 582 1729 soleat,
604 1670 625 1715 a
646 1672 712 1737 quo
733 1671 820 1738 quae
836 1660 964 1749 narrat,
983 1650 1130 1735 accepit,
1152 1649 1198 1714 ita
1215 1659 1252 1716 ut
1260 1650 1316 1717 XI.
1326 1650 1397 1721 186.
1418 1652 1495 1719 dum
1516 1654 1580 1720 ali·

460 1768 540 1853 quid
559 1768 592 1834 in
613 1768 830 1855 haruspicum
852 1779 925 1834 arte
946 1766 986 1833 ol.
1001 1767 1152 1834 CXXVI.
1171 1781 1327 1834 novatum
1347 1770 1447 1836 tradit
1469 1771 1579 1839 Grae·

459 1907 536 1952 cunr
566 1887 767 1972 scriptorem
794 1899 933 1954 secutus
965 1906 1043 1952 esse
1072 1888 1241 1971 putandus
1267 1888 1325 1972 sit,
1359 1909 1438 1955 raro
1468 1890 1577 1959 Grae.

458 2025 575 2071 corum
605 2016 761 2092 tempora
792 2029 868 2073 oum
899 2006 1063 2073 Romanis
1096 2016 1279 2091 comparat.
1344 2009 1440 2083 Quae
1472 2033 1575 2097 qaum

455 2125 621 2193 interdum
643 2124 841 2217 supplerent
860 2127 987 2192 librarii
1015 2135 1115 2213 atque
1138 2125 1169 2190 in
1193 2126 1266 2191 aliis
1294 2148 1427 2212 quoque
1455 2150 1574 2197 narra-

457 2228 602 2313 tionibus
633 2246 706 2311 sive
733 2225 905 2310 consulum
929 2246 1064 2311 nomina
1091 2245 1164 2310 sive
1194 2264 1315 2323 annum
1339 2244 1440 2316 Urbis
1466 2249 1571 2315 adde·

455 2373 549 2442 rent,
579 2361 673 2429 facta
702 2372 756 2429 ast
783 2383 907 2449 magua
935 2344 1148 2431 numerorum
1180 2364 1414 2453 nominumque
1435 2378 1572 2454 partur-

454 2482 647 2549 badoario
729 2539 732 2544 Α
894 2541 897 2547 ,
1058 2548 1062 2555 ,
1108 2547 1111 2554 ,
1140 2520 1166 2551 ,’

396 2599 435 2666 n
590 2627 626 2665 ι
744 2600 1220 2701 ÷„qm=mm„

326 2842 331 2852 .
452 2749 558 2838 vulgo
569 2730 779 2860 'arcagnatii
793 2742 990 2821 coniectura
1011 2752 1119 2838 (varr.
1130 2742 1223 2819 obss.
1237 2752 1351 2842 tva.)
1367 2738 1508 2844 legitur:

503 2907 632 3002 Semel
656 2893 776 3026 adhuc
798 2910 912 3027 iubae
934 2883 1080 3006 effigies
1107 2883 1246 2983 mutata
1271 2907 1310 2982 in
1335 2908 1476 2986 hastam
1506 2925 1566 2988 est

501 3042 905 3147 olympiadecvlll.
934 3042 1085 3150 [urhis
1109 3067 1223 3119 anno
1252 3046 1520 3150 coetui]
1660 3153 1663 3160 Ι

450 3214 551 3287 quum
580 3199 788 3264 inormibus
812 3195 905 3288 libris
932 3195 1120 3281 reperiatur
1147 3192 1414 3276 GCGXGVIH.
1449 3197 1562 3286 Atque

447 3315 494 3380 ita
515 3330 600 3383 sane
620 3317 847 3386 nanciscimur
864 3337 898 3382 a.
912 3315 965 3380 01.
977 3314 1091 3392 GVlll.
1103 3312 1133 3380 3.
1163 3313 1209 3380 At
1228 3336 1311 3380 vero
1332 3317 1479 3399 priorem
1500 3340 1562 3385 nu·

446 3453 575 3498 merum
593 3435 628 3499 in
639 3433 687 3498 R¹
700 3436 752 3499 Pd
772 3445 897 3506 tantum
919 3434 1060 3506 inveniri
1083 3433 1253 3510 annotarit
1277 3433 1436 3520 Silligius,
1459 3458 1561 3522 quum

445 3548 499 3616 R²
520 3549 580 3617 CV
601 3550 710 3638 legat,
746 3573 768 3618 a
803 3562 914 3624 autam
944 3550 1027 3618 liber
1059 3573 1167 3640 acque
1200 3553 1395 3639 spectabilis
1423 3566 1456 3622 et
1484 3555 1561 3623 Col.

444 3670 595 3744 bertinus
627 3673 719 3756 apud
745 3671 968 3764 lietduinum,
1002 3691 1100 3758 quem
1126 3675 1147 3740 b
1179 3694 1260 3740 esse
1288 3674 1449 3753 coniicio,
1479 3675 1559 3741 duo.

445 3807 515 3875 que,
532 3787 588 3858 alii
615 3790 888 3876 praetereasstu.
911 3800 946 3864 et
968 3788 1039 3856 Cla.
1070 3813 1088 3856 e
1113 3794 1262 3878 margine
1283 3795 1437 3860 editionis
1462 3795 1559 3862 Basi-

442 3907 624 3980 laensis'a.
645 3910 737 3980 1548.
759 3912 801 3977 ab
824 3910 945 3981 eodem
966 3909 1092 3978 laudati
1108 3909 1272 3980 OVIHI.
1310 3913 1408 3998 Atqui
1424 3914 1489 3983 iam
1510 3916 1556 3980 ab

443 4026 519 4093 aliis
543 4030 812 4099 animadversum
840 4041 909 4114 est,
944 4031 1010 4097 hac
1030 4033 1106 4118 ipsa
1129 4034 1319 4118 olympiada
1344 4031 1555 4100 Nicomacho

442 4144 605 4213 archonte
623 4147 1006 4236 (01.01x.t.)Athenis
1025 4164 1176 4224 cometen
1199 4164 1420 4239 conspectum
1436 4151 1554 4238 fuisse,

442 4260 860 4350 cfiAristot.Meteor.l.7,
882 4279 981 4357 atque
1002 4271 1083 4339 nihil
1103 4272 1331 4340 verisimilius
1354 4292 1555 4358 essequam

441 4381 483 4448 da
504 4384 626 4451 eodem
647 4385 787 4455 Plinium
804 4387 1030 4484 loqui,¹qaum
1050 4394 1251 4477 praesertim
1272 4401 1403 4477 septem
1425 4391 1553 4458 dierum

441 4504 587 4590 spatium
595 4506 830 4575 brevissimum
841 4508 949 4584 luisse
967 4511 1082 4578 atatim
1095 4512 1272 4592 addiderit,
1295 4531 1362 4596 quo
1376 4530 1553 4580 cerneren-

439 4631 494 4690 tur
515 4628 681 4706 mactae,
712 4625 913 4697 Aristoteles
930 4642 1045 4700 ¹autem
1065 4629 1197 4700 stellam
1217 4627 1361 4699 Athenis
1382 4651 1445 4716 per
1469 4650 1550 4716 pau-
