3700 5625
692 716 784 781 noer
804 717 959 781 XXXIV.
1321 714 1383 782 215

278 912 455 979 tradiderat
475 931 547 977 oum
568 912 770 997 grammatici
791 911 999 979 annotatione
1022 910 1248 975 coalescerent.
1293 910 1383 975 Insu-

277 1033 340 1096 lam
363 1029 449 1095 enim
470 1028 629 1113 Aeginam
651 1048 724 1093 esse
746 1048 881 1114 eamque
905 1048 965 1091 sua
986 1033 1093 1091 aetate
1120 1026 1293 1112 ignobilem
1315 1048 1384 1091 sae·

278 1150 349 1213 culo
373 1153 486 1233 quarto
512 1146 741 1231 grammaticus
772 1152 926 1210 annotare
947 1144 1066 1227 potuit,
1103 1144 1226 1209 Plinius
1260 1145 1386 1211 etiamsi

279 1286 343 1330 uon
366 1263 422 1329 IV.
445 1264 485 1331 bl
513 1263 694 1345 retulisset,
728 1281 977 1327 commemorare
1010 1282 1074 1327 non
1107 1268 1240 1347 poterat.
1295 1261 1386 1336 Quae

276 1383 377 1469 igitur
396 1386 536 1463 restant,
565 1381 634 1466 ipse
655 1381 701 1444 ita
723 1381 907 1445 enuntiasse
936 1378 1097 1465 putandus
1130 1385 1194 1461 est,
1227 1400 1302 1443 nam
1331 1399 1386 1443 aes

278 1521 378 1587 supra
396 1498 633 1563 nominaverat:

320 1623 470 1682 Proxima
492 1621 559 1678 laus
581 1620 756 1694 Arpinets'co
774 1620 850 1695 fult,
878 1634 949 1678 non
972 1618 1072 1693 quod
1093 1619 1135 1677 ibt
1156 1620 1308 1695 eiectatur,
1335 1618 1390 1677 sed

319 1738 375 1812 off.
398 1745 418 1798 s.
440 1738 605 1797 noomtasc.
664 1707 667 1711 ⁵

718 1890 766 1960 95
792 1905 830 1937 ²²
856 1888 952 1972 930.
1268 1939 1269 1943 =
1408 1892 1471 1963 748

326 2017 451 2119 palma
475 2015 662 2117 Campano
679 2014 905 2116 'perhibetur
921 2014 1149 2106 utensiIibus,
1176 2016 1276 2092 vasis
1304 2038 1388 2116 pro-

327 2148 533 2229 batissimo.

364 2281 526 2347 Utensilia
554 2300 633 2345 vasa
658 2299 723 2345 non
746 2278 808 2343 duo
832 2286 906 2342 suut
938 2300 1057 2363 genera
1079 2280 1136 2343 sed
1163 2280 1314 2344 utensilia
1336 2301 1389 2344 va·

279 2424 392 2469 sorum
414 2420 516 2486 genus
548 2396 605 2473 (cf.
628 2395 788 2477 ‚utensilia
819 2398 978 2460 vasorum‘
1000 2394 1091 2460 XIII.
1114 2398 1192 2478 72),
1225 2397 1310 2483 quod
1331 2398 1389 2461 Isi·

279 2521 352 2586 dori
388 2518 485 2583 etiam
521 2514 767 2600 interpolatione
803 2513 1022 2592 (utensilibus
1056 2520 1088 2577 et
1122 2515 1208 2579 vasis
1246 2516 1390 2579 omnibus‘

278 2638 373 2703 XVI.
395 2636 453 2713 79)
478 2633 690 2698 confirmatur.
734 2631 851 2694 Deleta
871 2630 968 2715 igitur
988 2652 1071 2717 quae
1094 2652 1134 2696 ne
1157 2634 1189 2695 in
1211 2632 1239 2697 B
1262 2631 1390 2717 quidem

192 2779 193 2782 ¹
280 2760 392 2822 exstat
413 2749 669 2836 interpunctione
691 2747 847 2811 scribatur
869 2754 995 2834 oportet
1018 2754 1191 2813 utensilibus
1212 2755 1299 2815 costa

279 2879 287 2894 '
331 2873 391 2950 Fit
419 2871 603 2970 Campano
631 2866 810 2942 similem
837 2865 960 2944 mulbs
975 2867 1140 2966 partibus
1155 2865 1279 2943 Italiae
1306 2891 1392 2967 pro·
1412 2875 1474 2944 749

333 3003 553 3101 vinciiSque.
606 2997 683 3078 Sed
709 3007 863 3076 octonas
891 2998 1030 3098 plumbi
1055 2997 1167 3075 libras
1193 3000 1335 3081 addunt
1355 3007 1392 3077 et

332 3137 498 3215 carbone
524 3140 731 3233 recoquunt
756 3139 908 3232 propter
933 3132 1094 3232 inopiam
1122 3132 1223 3232 ligni.

370 3269 449 3344 Quis
470 3265 622 3332 tandem?
654 3285 769 3350 nempe
792 3264 990 3349 provinciae,
1014 3264 1186 3350 Capuanos
1209 3265 1293 3330 enim
1314 3264 1393 3347 ligni

281 3411 349 3455 non
375 3383 523 3450 carbonis
554 3382 684 3468 ignibus
713 3383 760 3445 uti
788 3403 884 3467 supra
914 3380 1065 3446 traditum
1087 3389 1172 3466 erat3
1204 3381 1288 3446 Galli
1317 3401 1393 3445 vero

283 3507 386 3572 etiam
408 3501 532 3586 lapides
555 3498 765 3564 candefacere
787 3500 894 3562 stetim
916 3505 1095 3563 narrantur.
1129 3498 1222 3573 Quod
1244 3500 1340 3584 igitur
1361 3498 1393 3560 in

282 3625 311 3688 B
333 3621 489 3704 scriptum
510 3618 628 3703 legitur
647 3623 751 3680 italiae
764 3622 943 3695 prouinciae
963 3621 1168 3704 praeteritam
1194 3621 1251 3680 sed
1270 3627 1395 3679 octonas

282 3740 363 3806 inde
385 3737 523 3800 Plinium
543 3734 625 3798 haec
646 3733 815 3798 tradidisse
837 3734 1058 3820 consequitur:

336 3893 370 3904 -
393 3858 500 3920 Italica
513 3858 746 3933 provinciisque.
791 3855 852 3914 Sed
868 3857 1045 3930 preelectus
1066 3865 1192 3918 octonos
1213 3847 1270 3915 rel.

693 4022 763 4094 102
790 4047 822 4076 =
850 4017 999 4094 ibidem.
1416 4041 1478 4110 750

338 4149 509 4249 botryitis
535 4150 738 4241 nominata3
768 4149 1012 4248 ponderosior
1038 4150 1132 4225 baec
1159 4149 1303 4249 priore,
1342 4146 1396 4223 le-

340 4285 421 4362 vi0r
447 4283 640 4358 secuturis.
693 4282 775 4358 Duo
804 4281 883 4358 eius
912 4282 1079 4360 colores:
1108 4281 1270 4358 deterior
1297 4281 1396 4355 cine-

340 4439 437 4506 reuS,
465 4414 645 4516 puniceus
673 4413 811 4504 melior,
851 4415 1003 4492 friabilis
1031 4413 1297 4513 oculorumque
1323 4436 1397 4489 me·

343 4545 561 4625 dIcameutis
590 4545 789 4624 utilissima.
841 4547 961 4624 Tertia
988 4546 1105 4623 estin
1121 4545 1296 4623 lateribus
1322 4547 1396 4624 lor-

315 4679 569 4770 .nacium-;
604 4677 700 4755 haec
726 4679 858 4756 dicitur
884 4679 1049 4779 placida,
1090 4686 1126 4754 et
1151 4679 1232 4780 ipsa
1266 4677 1312 4754 ab
1340 4700 1397 4752 ar-
