3700 5625
622 769 627 780 ·
721 751 813 816 tara
839 749 947 824 1711.
974 809 980 824 ,
1342 747 1385 818 lb

287 943 397 1012 tabula
422 953 504 1023 puae
522 950 555 1011 tn
581 949 714 1010 astartis
740 963 825 1031 quae
843 963 952 1032 nequa
976 943 1010 1010 in
1031 941 1195 1010 audam
1218 944 1385 1028 reperiun-

288 1067 335 1128 tur
353 1081 462 1148 usqua
483 1062 644 1130 artemia
664 1063 728 1128 lori
745 1063 965 1150 requiruntur,
994 1062 1153 1128 immerito
1171 1082 1192 1126 a
1212 1061 1287 1128 viris
1310 1061 1385 1126 doo-

287 1177 324 1245 tis
338 1179 559 1247 retinentur..

700 1319 828 1392 225:
842 1317 963 1404 2437.
1406 1333 1469 1406 330

330 1459 486 1540 Scabies
524 1462 687 1566 gignitur
731 1461 876 1541 roribus
915 1459 1026 1539 lentis
1066 1468 1152 1564 post
1190 1457 1385 1564 vergilias3

330 1618 413 1670 nam
439 1595 472 1673 si
498 1595 680 1698 largiores
704 1591 832 1689 fuere,'
863 1594 1088 1698 perfundunt
1104 1595 1283 1686 arborem,
1310 1617 1385 1673 uon

330 1725 512 1826 scalpunt.
551 1726 686 1809 Soabie
712 1736 749 1808 et
773 1730 897 1829 grossi
924 1727 1077 1819 cadunt,
1104 1727 1136 1805 si
1162 1726 1224 1806 vel
1249 1728 1386 1808 imbres

331 1858 429 1935 nimii
467 1858 589 1955 luere;
629 1859 701 1939 alio
738 1862 850 1940 modo
890 1861 983 1940 licus
1019 1860 1161 1938 laborat
1199 1860 1385 1938 radicibus

331 1991 500 2071 madidis.

351 2123 463 2190 Talem
473 2126 578 2190 locum
591 2123 677 2210 apud
691 2125 849 2213 Silligium
860 2125 1007 2212 legimus,
1030 2124 1168 2192 suudam
1181 2125 1273 2192 aliter
1288 2125 1385 2195 lanus

287 2241 455 2323 constituit,
478 2243 542 2329 qui,
564 2242 625 2306 nisi
635 2242 851 2329 Theophrasti
862 2242 1108 2330 descriptionem
1129 2241 1188 2308 lv.
1208 2244 1255 2310 14,
1279 2247 1298 2308 b
1318 2241 1384 2310 Pli-

286 2357 352 2422 nius
360 2358 503 2423 imitatus
517 2367 613 2442 esset,
636 2359 814 2427 eoodioum
826 2361 902 2428 Mos.
918 2358 1066 2425 sordibus
1079 2359 1134 2424 vix
1155 2359 1297 2445 expediri
1313 2380 1384 2445 pos-

287 2483 339 2538 set.
359 2475 476 2540 Tribus
488 2483 595 2541 autem
609 2478 713 2542 modis
724 2477 820 2546 bourn
836 2477 990 2542 imbribus
1013 2476 1122 2542 vexari
1144 2476 1384 2562 Theophrastus

287 2599 481 2658 narraverat:
517 2615 620 2682 aquae
640 2597 792 2684 penuria,
824 2595 911 2666 unda
947 2594 1071 2662 stabias
1100 2589 1258 2678 orerabrr,
1286 2594 1384 2680 largis

204 2776 205 2779 ,
286 2707 443 2792 imbribus,
466 2711 580 2800 quibus
603 2713 698 2780 arbor
718 2712 972 2800 perfunderetur,
1005 2711 1111 2783 nimiis
1135 2711 1289 2797 denique,
1313 2711 1382 2804 qui-

289 2822 341 2890 bus
360 2827 486 2893 radiosa
516 2829 693 2896 maderent.
736 2833 879 2908 Quorum
901 2832 1084 2897 morborum
1106 2832 1241 2917 primum
1264 2830 1385 2895 illasio

290 2942 464 3031 descripsit:
507 2943 526 3033 ἢ
559 2947 597 3014 δὲ
620 2949 722 3034 popa
754 2950 899 3035 μάλιστα
932 2938 1059 3032 γ’ίνεται
1091 2934 1173 3015 ὅτάν
1203 2944 1293 3035 ὕδωρ
1328 2943 1386 3015 ἐπὶ

288 3062 419 3129 Πὶνιάδι
441 3067 575 3149 γένηται
602 3064 646 3152 μὴ
668 3066 772 3145 πολύ,
805 3063 928 3131 Plinius
959 3064 1035 3130 inde
1070 3085 1088 3130 a
1121 3085 1200 3130 vooe
1230 3062 1384 3147 ,Soabias‘

290 3196 382 3264 usque
404 3180 446 3244 ad
468 3180 656 3267 pergilius,
678 3182 814 3249 alterurn
834 3181 884 3247 his
905 3184 1012 3250 verbis
1034 3179 1095 3251 ἐὰν
1118 3183 1156 3249 δὲ
1177 3181 1276 3260 πολὺ,
1299 3180 1383 3247 ἁπο-

290 3295 438 3374 νλύζεται·
475 3297 650 3384 συμβαίνει
683 3299 721 3366 δὲ
752 3300 828 3367 τότε
859 3304 916 3367 καὶ
947 3300 988 3367 τὰ
1018 3294 1112 3389 ἐρινά
1145 3296 1307 3387 ἀπορρεῖν
1328 3302 1385 3365 καὶ

290 3413 357 3489 τούς
386 3410 567 3493 ὀλύνθους,
602 3413 716 3502 quibus
747 3417 833 3503 apud
860 3414 1000 3482 Plinium
1021 3418 1180 3504 'proxima
1208 3434 1310 3503 usqua
1342 3414 1384 3480 ad
1437 3428 1454 3457 ⁸
1562 3414 1567 3421 ’

291 3548 390 3595 rotam
411 3536 526 3596 cadunt
536 3532 762 3620 respondeant
782 3554 916 3600 neeesse
939 3541 997 3601 est.
1039 3536 1183 3621 Apparet
1203 3530 1300 3621 igitur
1321 3538 1383 3598 lor·

291 3651 380 3724 piorer
399 3648 578 3714 rectissime
600 3652 847 3739 aDaleoampio
869 3652 1079 3735 sonbi‚boet
1100 3650 1228 3718 rodiam
1248 3657 1384 3717 rariores

291 3760 436 3850 habeant,
472 3764 588 3832 deinde
620 3767 709 3832 nihili
738 3768 919 3834 faciendam
947 3789 1019 3835 asse
1047 3768 1294 3855 dittographiam
1312 3789 1383 3850 per·

204 3921 205 3924 ¹
249 3887 253 3896 '
290 3880 409 3954 stadum
441 3903 495 3966 ne,
527 3904 545 3948 e
579 3884 697 3950 aodiois
730 3886 894 3973 arohetypi
927 3888 1005 3953 vitio
1027 3882 1384 3952 Puarvrtovrumr

204 4045 205 4078 p
291 4001 502 4085 repetandam
536 4008 604 4067 tum
630 4008 733 4067 scotie
759 4016 788 4067 et
814 4010 916 4082 prossr'
947 4004 1076 4091 egregio
1106 4002 1146 4068 ab
1168 4000 1383 4069 Harduinus

204 4115 205 4170 l
292 4119 466 4203 oonuptelis
499 4118 646 4185 aodioum
672 4126 775 4188 scabie
810 4132 907 4195 eteros
935 4128 978 4205 si,
1014 4122 1041 4187 si
1069 4121 1189 4207 Silligio
1223 4120 1382 4185 oredimus

294 4230 490 4314 (rmbiterosrr‘
515 4237 548 4301 in
569 4237 720 4302 Parisinis
741 4238 806 4327 legi
828 4237 1014 4304 Harduinus
1035 4238 1173 4321 retulit),
1201 4241 1382 4303 rostinrtum

292 4366 376 4434 sssap
400 4359 563 4438 postremo
594 4351 697 4419 scabie
734 4356 820 4443 quod
841 4356 1029 4422 Harduinus
1061 4362 1147 4421 route
1176 4354 1217 4420 ad
1243 4362 1384 4435 scopant

293 4466 490 4552 apploraret,
534 4470 705 4557 adilligio
738 4473 822 4538 male
855 4492 929 4538 oum
957 4494 1006 4541 vv.
1035 4484 1064 4537 et
1088 4480 1189 4553 prorsa·
1221 4472 1381 4559 coniungi.

293 4578 479 4672 Quamquam
500 4608 612 4653 vorem
633 4594 737 4654 scabie
756 4589 845 4654 haud
869 4590 935 4656 saio
955 4610 997 4655 an
1019 4590 1113 4657 doato
1135 4591 1240 4679 potius
1252 4589 1381 4655 librario

295 4716 377 4781 tastu
395 4703 498 4774 Plinio
518 4704 672 4787 tribuam,
697 4724 763 4793 qua
783 4708 944 4775 morbum
967 4707 1056 4775 verbi
1075 4715 1216 4791 scapua
1235 4708 1299 4777 viru
1321 4728 1376 4776 ex·
1513 4696 1518 4705 ’
