<?xml version="1.0" encoding="UTF-8"?>
<!DOCTYPE html PUBLIC "-//W3C//DTD XHTML 1.0 Transitional//EN"
    "http://www.w3.org/TR/xhtml1/DTD/xhtml1-transitional.dtd">
<html xmlns="http://www.w3.org/1999/xhtml" xml:lang="en" lang="en">
 <head>
  <title>
</title>
<meta http-equiv="Content-Type" content="text/html;charset=utf-8" />
  <meta name='ocr-system' content='tesseract 3.04.00' />
  <meta name='ocr-capabilities' content='ocr_page ocr_carea ocr_par ocr_line ocrx_word'/>
</head>
<body>
  <div class='ocr_page' id='page_1' title='image "./vindiciaeplinia01urligoog_0422.png"; bbox 0 0 3700 5625; ppageno 0'>
   <div class='ocr_carea' id='block_1_1' title="bbox 448 726 1133 794">
    <p class='ocr_par' dir='ltr' id='par_1_1' title="bbox 448 726 1133 794">
     <span class='ocr_line' id='line_1_1' title="bbox 448 726 1133 794; baseline -0.001 0"><span class='ocrx_word' id='word_1_1' title='bbox 448 726 511 794; x_wconf 80' lang='lat'>216</span> <span class='ocrx_word' id='word_1_2' title='bbox 868 730 959 794; x_wconf 73' lang='lat' dir='ltr'>liter</span> <span class='ocrx_word' id='word_1_3' title='bbox 978 728 1133 794; x_wconf 73' lang='lat' dir='ltr'><em>XXXIV.</em></span> 
     </span>
    </p>
   </div>
   <div class='ocr_carea' id='block_1_2' title="bbox 496 927 1673 1041">
    <p class='ocr_par' dir='ltr' id='par_1_2' title="bbox 496 927 1673 1041">
     <span class='ocr_line' id='line_1_2' title="bbox 496 927 1673 1041; baseline 0.005 -38"><span class='ocrx_word' id='word_1_4' title='bbox 496 931 686 1027; x_wconf 83' lang='lat' dir='ltr'>gument0‚</span> <span class='ocrx_word' id='word_1_5' title='bbox 710 927 862 1028; x_wconf 76' lang='lat' dir='ltr'>planitie</span> <span class='ocrx_word' id='word_1_6' title='bbox 890 936 1013 1005; x_wconf 86' lang='lat' dir='ltr'>crusta</span> <span class='ocrx_word' id='word_1_7' title='bbox 1041 930 1163 1005; x_wconf 85' lang='lat' dir='ltr'>verius</span> <span class='ocrx_word' id='word_1_8' title='bbox 1190 951 1300 1028; x_wconf 91' lang='lat' dir='ltr'>quam</span> <span class='ocrx_word' id='word_1_9' title='bbox 1328 954 1476 1031; x_wconf 84' lang='lat' dir='ltr'>pumex,</span> <span class='ocrx_word' id='word_1_10' title='bbox 1502 932 1559 1008; x_wconf 93' lang='lat' dir='ltr'>in·</span> <span class='ocrx_word' id='word_1_11' title='bbox 1672 1004 1673 1041; x_wconf 17' lang='grc' dir='ltr'>ζ</span> 
     </span>
    </p>
   </div>
   <div class='ocr_carea' id='block_1_3' title="bbox 447 1060 1561 2447">
    <p class='ocr_par' dir='ltr' id='par_1_3' title="bbox 496 1060 774 1137">
     <span class='ocr_line' id='line_1_3' title="bbox 496 1060 774 1137; baseline 0.007 -2"><span class='ocrx_word' id='word_1_12' title='bbox 496 1068 555 1137; x_wconf 93' lang='lat' dir='ltr'>tus</span> <span class='ocrx_word' id='word_1_13' title='bbox 583 1061 684 1136; x_wconf 87' lang='lat' dir='ltr'>varia</span> <span class='ocrx_word' id='word_1_14' title='bbox 709 1060 774 1137; x_wconf 86' lang='lat' dir='ltr'>rel.</span> 
     </span>
    </p>

    <p class='ocr_par' dir='ltr' id='par_1_4' title="bbox 447 1192 1560 2220">
     <span class='ocr_line' id='line_1_4' title="bbox 531 1192 1557 1273; baseline 0.002 -16"><span class='ocrx_word' id='word_1_15' title='bbox 531 1192 735 1257; x_wconf 80' lang='lat' dir='ltr'>Adiectivum</span> <span class='ocrx_word' id='word_1_16' title='bbox 754 1192 907 1273; x_wconf 84' lang='lat' dir='ltr'>,friabilis‘</span> <span class='ocrx_word' id='word_1_17' title='bbox 932 1214 996 1257; x_wconf 90' lang='lat' dir='ltr'>non</span> <span class='ocrx_word' id='word_1_18' title='bbox 1019 1193 1059 1257; x_wconf 88' lang='lat' dir='ltr'>ad</span> <span class='ocrx_word' id='word_1_19' title='bbox 1082 1195 1220 1258; x_wconf 84' lang='lat' dir='ltr'>colorem</span> <span class='ocrx_word' id='word_1_20' title='bbox 1245 1193 1302 1258; x_wconf 84' lang='lat' dir='ltr'>sed</span> <span class='ocrx_word' id='word_1_21' title='bbox 1323 1194 1364 1258; x_wconf 88' lang='lat' dir='ltr'>ad</span> <span class='ocrx_word' id='word_1_22' title='bbox 1388 1195 1557 1260; x_wconf 83' lang='lat' dir='ltr'>cadmeam</span> 
     </span>
     <span class='ocr_line' id='line_1_5' title="bbox 447 1310 1558 1398; baseline 0.003 -24"><span class='ocrx_word' id='word_1_23' title='bbox 447 1310 599 1395; x_wconf 82' lang='lat' dir='ltr'>botryitin</span> <span class='ocrx_word' id='word_1_24' title='bbox 620 1311 775 1395; x_wconf 77' lang='lat' dir='ltr'>pertinet,</span> <span class='ocrx_word' id='word_1_25' title='bbox 803 1311 911 1397; x_wconf 87' lang='lat' dir='ltr'>itaque</span> <span class='ocrx_word' id='word_1_26' title='bbox 939 1311 1000 1374; x_wconf 90' lang='lat' dir='ltr'>alio</span> <span class='ocrx_word' id='word_1_27' title='bbox 1030 1311 1124 1375; x_wconf 90' lang='lat' dir='ltr'>modo</span> <span class='ocrx_word' id='word_1_28' title='bbox 1154 1311 1447 1398; x_wconf 82' lang='lat' dir='ltr'>interpungendum</span> <span class='ocrx_word' id='word_1_29' title='bbox 1487 1334 1558 1377; x_wconf 85' lang='lat' dir='ltr'>esse</span> 
     </span>
     <span class='ocr_line' id='line_1_6' title="bbox 449 1427 1558 1514; baseline 0.003 -23"><span class='ocrx_word' id='word_1_30' title='bbox 449 1434 590 1514; x_wconf 86' lang='lat' dir='ltr'>apparet.</span> <span class='ocrx_word' id='word_1_31' title='bbox 633 1427 720 1491; x_wconf 84' lang='lat' dir='ltr'>Infra</span> <span class='ocrx_word' id='word_1_32' title='bbox 741 1448 771 1492; x_wconf 87' lang='lat' dir='ltr'>v.</span> <span class='ocrx_word' id='word_1_33' title='bbox 790 1434 915 1507; x_wconf 75' lang='lat' dir='ltr'>planitie</span> <span class='ocrx_word' id='word_1_34' title='bbox 938 1448 978 1491; x_wconf 86' lang='lat' dir='ltr'>an</span> <span class='ocrx_word' id='word_1_35' title='bbox 1001 1448 1170 1513; x_wconf 86' lang='lat' dir='ltr'>operarum</span> <span class='ocrx_word' id='word_1_36' title='bbox 1192 1430 1269 1493; x_wconf 89' lang='lat' dir='ltr'>vitio</span> <span class='ocrx_word' id='word_1_37' title='bbox 1289 1432 1384 1493; x_wconf 84' lang='lat' dir='ltr'>Ianus</span> <span class='ocrx_word' id='word_1_38' title='bbox 1408 1431 1558 1495; x_wconf 83' lang='lat' dir='ltr'>omisisse</span> 
     </span>
     <span class='ocr_line' id='line_1_7' title="bbox 448 1516 1560 1633; baseline 0.001 -23"><span class='ocrx_word' id='word_1_39' title='bbox 448 1516 595 1611; x_wconf 81' lang='lat' dir='ltr'>videatur</span> <span class='ocrx_word' id='word_1_40' title='bbox 616 1544 736 1625; x_wconf 88' lang='lat' dir='ltr'>nescio,</span> <span class='ocrx_word' id='word_1_41' title='bbox 760 1565 816 1609; x_wconf 86' lang='lat' dir='ltr'>suo</span> <span class='ocrx_word' id='word_1_42' title='bbox 836 1546 906 1613; x_wconf 82' lang='lat' dir='ltr'>luco</span> <span class='ocrx_word' id='word_1_43' title='bbox 925 1546 989 1631; x_wconf 89' lang='lat' dir='ltr'>legi</span> <span class='ocrx_word' id='word_1_44' title='bbox 1012 1565 1105 1631; x_wconf 89' lang='lat' dir='ltr'>nego.</span> <span class='ocrx_word' id='word_1_45' title='bbox 1127 1546 1302 1633; x_wconf 79' lang='grc' dir='ltr'><strong><em>πλακώδης</em></strong></span> <span class='ocrx_word' id='word_1_46' title='bbox 1316 1548 1400 1611; x_wconf 90' lang='lat' dir='ltr'>enim</span> <span class='ocrx_word' id='word_1_47' title='bbox 1423 1546 1560 1612; x_wconf 85' lang='lat' dir='ltr'>cadmea</span> 
     </span>
     <span class='ocr_line' id='line_1_8' title="bbox 448 1662 1558 1746; baseline 0.001 -18"><span class='ocrx_word' id='word_1_48' title='bbox 448 1670 536 1745; x_wconf 83' lang='lat' dir='ltr'>recte</span> <span class='ocrx_word' id='word_1_49' title='bbox 558 1670 667 1727; x_wconf 85' lang='lat' dir='ltr'>crusta</span> <span class='ocrx_word' id='word_1_50' title='bbox 688 1662 811 1742; x_wconf 85' lang='lat' dir='ltr'>dieitur,</span> <span class='ocrx_word' id='word_1_51' title='bbox 833 1662 966 1746; x_wconf 82' lang='lat' dir='ltr'>planitie</span> <span class='ocrx_word' id='word_1_52' title='bbox 989 1669 1096 1728; x_wconf 88' lang='lat' dir='ltr'>autem</span> <span class='ocrx_word' id='word_1_53' title='bbox 1118 1671 1224 1729; x_wconf 84' lang='lat' dir='ltr'>crusta</span> <span class='ocrx_word' id='word_1_54' title='bbox 1247 1686 1312 1729; x_wconf 90' lang='lat' dir='ltr'>non</span> <span class='ocrx_word' id='word_1_55' title='bbox 1325 1665 1472 1730; x_wconf 82' lang='lat' dir='ltr'>efficitur.</span> <span class='ocrx_word' id='word_1_56' title='bbox 1495 1666 1558 1729; x_wconf 87' lang='lat' dir='ltr'>Ne·</span> 
     </span>
     <span class='ocr_line' id='line_1_9' title="bbox 450 1779 1559 1865; baseline 0.004 -20"><span class='ocrx_word' id='word_1_57' title='bbox 450 1803 513 1865; x_wconf 86' lang='lat' dir='ltr'>que</span> <span class='ocrx_word' id='word_1_58' title='bbox 535 1788 643 1845; x_wconf 88' lang='lat' dir='ltr'>tamen</span> <span class='ocrx_word' id='word_1_59' title='bbox 666 1779 836 1844; x_wconf 90' lang='lat' dir='ltr'>delendum</span> <span class='ocrx_word' id='word_1_60' title='bbox 860 1785 909 1842; x_wconf 88' lang='lat' dir='ltr'>est</span> <span class='ocrx_word' id='word_1_61' title='bbox 929 1780 1120 1844; x_wconf 85' lang='lat' dir='ltr'>vocabulum</span> <span class='ocrx_word' id='word_1_62' title='bbox 1137 1782 1241 1847; x_wconf 86' lang='lat' dir='ltr'>verbis</span> <span class='ocrx_word' id='word_1_63' title='bbox 1259 1782 1459 1847; x_wconf 80' lang='lat' dir='ltr'>Dioscoridis</span> <span class='ocrx_word' id='word_1_64' title='bbox 1473 1782 1559 1849; x_wconf 79' lang='lat' dir='ltr'>V.85</span> 
     </span>
     <span class='ocr_line' id='line_1_10' title="bbox 450 1896 1560 1987; baseline 0 -22"><span class='ocrx_word' id='word_1_65' title='bbox 450 1898 565 1987; x_wconf 76' lang='grc' dir='ltr'><strong><em>ὥσπερ</em></strong></span> <span class='ocrx_word' id='word_1_66' title='bbox 586 1898 692 1976; x_wconf 79' lang='grc' dir='ltr'><strong><em>ζώνας</em></strong></span> <span class='ocrx_word' id='word_1_67' title='bbox 714 1896 839 1979; x_wconf 80' lang='grc' dir='ltr'><strong><em>ἔχουσα</em></strong></span> <span class='ocrx_word' id='word_1_68' title='bbox 851 1897 910 1975; x_wconf 69' lang='grc' dir='ltr'>τὰς</span> <span class='ocrx_word' id='word_1_69' title='bbox 925 1896 1104 1981; x_wconf 82' lang='grc' dir='ltr'><strong><em>διαφύσεις</em></strong></span> <span class='ocrx_word' id='word_1_70' title='bbox 1119 1902 1322 1981; x_wconf 83' lang='lat' dir='ltr'>conveniens,</span> <span class='ocrx_word' id='word_1_71' title='bbox 1337 1899 1397 1964; x_wconf 82' lang='lat' dir='ltr'>sed</span> <span class='ocrx_word' id='word_1_72' title='bbox 1411 1922 1450 1965; x_wconf 91' lang='lat' dir='ltr'>eo</span> <span class='ocrx_word' id='word_1_73' title='bbox 1474 1900 1560 1965; x_wconf 89' lang='lat' dir='ltr'>unde</span> 
     </span>
     <span class='ocr_line' id='line_1_11' title="bbox 450 2013 1559 2101; baseline -0.001 -18"><span class='ocrx_word' id='word_1_74' title='bbox 450 2020 481 2083; x_wconf 88' lang='lat' dir='ltr'>in</span> <span class='ocrx_word' id='word_1_75' title='bbox 505 2016 677 2101; x_wconf 81' lang='lat' dir='ltr'>archetypo</span> <span class='ocrx_word' id='word_1_76' title='bbox 693 2022 767 2100; x_wconf 82' lang='lat' dir='ltr'>post</span> <span class='ocrx_word' id='word_1_77' title='bbox 781 2035 908 2078; x_wconf 86' lang='lat' dir='ltr'>versum</span> <span class='ocrx_word' id='word_1_78' title='bbox 921 2013 1034 2079; x_wconf 88' lang='lat' dir='ltr'>XXVI</span> <span class='ocrx_word' id='word_1_79' title='bbox 1046 2017 1221 2081; x_wconf 87' lang='lat' dir='ltr'>litterarum</span> <span class='ocrx_word' id='word_1_80' title='bbox 1237 2016 1442 2081; x_wconf 83' lang='lat' dir='ltr'>aberraverat</span> <span class='ocrx_word' id='word_1_81' title='bbox 1454 2024 1559 2082; x_wconf 84' lang='lat' dir='ltr'>trans·</span> 
     </span>
     <span class='ocr_line' id='line_1_12' title="bbox 450 2132 1079 2220; baseline -0.008 -20"><span class='ocrx_word' id='word_1_82' title='bbox 450 2134 643 2220; x_wconf 88' lang='lat' dir='ltr'>ponendum.</span> <span class='ocrx_word' id='word_1_83' title='bbox 686 2136 798 2218; x_wconf 89' lang='lat' dir='ltr'>ltaque</span> <span class='ocrx_word' id='word_1_84' title='bbox 820 2132 994 2217; x_wconf 85' lang='lat' dir='ltr'>legendum</span> <span class='ocrx_word' id='word_1_85' title='bbox 1016 2140 1079 2196; x_wconf 83' lang='lat' dir='ltr'>est:</span> 
     </span>
    </p>

    <p class='ocr_par' dir='ltr' id='par_1_5' title="bbox 492 2234 1561 2447">
     <span class='ocr_line' id='line_1_13' title="bbox 492 2234 1561 2335; baseline 0.001 -20"><span class='ocrx_word' id='word_1_86' title='bbox 492 2259 583 2316; x_wconf 81' lang='lat' dir='ltr'>leuior</span> <span class='ocrx_word' id='word_1_87' title='bbox 609 2256 756 2315; x_wconf 69' lang='lat' dir='ltr'>secuturis</span> <span class='ocrx_word' id='word_1_88' title='bbox 779 2289 814 2299; x_wconf 85' lang='lat'>-</span> <span class='ocrx_word' id='word_1_89' title='bbox 839 2254 898 2312; x_wconf 82' lang='lat' dir='ltr'>duo</span> <span class='ocrx_word' id='word_1_90' title='bbox 927 2256 990 2313; x_wconf 84' lang='lat' dir='ltr'>etus</span> <span class='ocrx_word' id='word_1_91' title='bbox 1017 2270 1040 2314; x_wconf 85' lang='lat' dir='ltr'>c.</span> <span class='ocrx_word' id='word_1_92' title='bbox 1073 2256 1102 2315; x_wconf 82' lang='lat' dir='ltr'>d.</span> <span class='ocrx_word' id='word_1_93' title='bbox 1129 2271 1156 2315; x_wconf 84' lang='lat' dir='ltr'>c.</span> <span class='ocrx_word' id='word_1_94' title='bbox 1182 2274 1214 2329; x_wconf 84' lang='lat' dir='ltr'>p.</span> <span class='ocrx_word' id='word_1_95' title='bbox 1246 2258 1346 2315; x_wconf 83' lang='lat' dir='ltr'>melior</span> <span class='ocrx_word' id='word_1_96' title='bbox 1370 2234 1428 2335; x_wconf 51' lang='grc' dir='ltr'>ὲ,</span> <span class='ocrx_word' id='word_1_97' title='bbox 1447 2260 1561 2331; x_wconf 80' lang='lat' dir='ltr'>friabi-</span> 
     </span>
     <span class='ocr_line' id='line_1_14' title="bbox 493 2373 1345 2447; baseline 0.002 -14"><span class='ocrx_word' id='word_1_98' title='bbox 493 2376 528 2434; x_wconf 79' lang='lat' dir='ltr'>lis</span> <span class='ocrx_word' id='word_1_99' title='bbox 549 2406 637 2417; x_wconf 89' lang='lat'>—-</span> <span class='ocrx_word' id='word_1_100' title='bbox 660 2380 762 2431; x_wconf 80' lang='lat' dir='ltr'>crustu</span> <span class='ocrx_word' id='word_1_101' title='bbox 784 2373 882 2431; x_wconf 81' lang='lat' dir='ltr'>uerius</span> <span class='ocrx_word' id='word_1_102' title='bbox 905 2390 933 2445; x_wconf 80' lang='lat' dir='ltr'>q.</span> <span class='ocrx_word' id='word_1_103' title='bbox 953 2390 982 2447; x_wconf 82' lang='lat' dir='ltr'>p.</span> <span class='ocrx_word' id='word_1_104' title='bbox 1008 2376 1085 2431; x_wconf 83' lang='lat' dir='ltr'>intus</span> <span class='ocrx_word' id='word_1_105' title='bbox 1103 2375 1229 2446; x_wconf 77' lang='lat' dir='ltr'>planitie</span> <span class='ocrx_word' id='word_1_106' title='bbox 1250 2376 1345 2435; x_wconf 82' lang='lat' dir='ltr'>varia.</span> 
     </span>
    </p>
   </div>
   <div class='ocr_carea' id='block_1_4' title="bbox 421 2540 1564 3436">
    <p class='ocr_par' dir='ltr' id='par_1_6' title="bbox 421 2540 1564 3436">
     <span class='ocr_line' id='line_1_15' title="bbox 881 2540 1140 2627; baseline 0.004 -14"><span class='ocrx_word' id='word_1_107' title='bbox 881 2540 1004 2614; x_wconf 67' lang='grc' dir='ltr'>108Ξ</span> <span class='ocrx_word' id='word_1_108' title='bbox 1022 2542 1140 2627; x_wconf 64' lang='lat'><strong>1125.</strong></span> 
     </span>
     <span class='ocr_line' id='line_1_16' title="bbox 502 2668 1562 2772; baseline 0.003 -26"><span class='ocrx_word' id='word_1_109' title='bbox 502 2672 627 2767; x_wconf 87' lang='lat' dir='ltr'>Atque</span> <span class='ocrx_word' id='word_1_110' title='bbox 655 2668 749 2744; x_wconf 90' lang='lat' dir='ltr'>haec</span> <span class='ocrx_word' id='word_1_111' title='bbox 776 2670 897 2745; x_wconf 87' lang='lat' dir='ltr'>emnia</span> <span class='ocrx_word' id='word_1_112' title='bbox 923 2670 1111 2747; x_wconf 78' lang='lat' dir='ltr'>medici-</span> <span class='ocrx_word' id='word_1_113' title='bbox 1142 2673 1335 2771; x_wconf 82' lang='lat' dir='ltr'>ignerant3</span> <span class='ocrx_word' id='word_1_114' title='bbox 1363 2681 1467 2772; x_wconf 89' lang='lat' dir='ltr'>paret</span> <span class='ocrx_word' id='word_1_115' title='bbox 1493 2698 1562 2749; x_wconf 88' lang='lat' dir='ltr'>uu-</span> 
     </span>
     <span class='ocr_line' id='line_1_17' title="bbox 503 2794 1562 2910; baseline 0.002 -30"><span class='ocrx_word' id='word_1_116' title='bbox 503 2802 676 2892; x_wconf 89' lang='lat' dir='ltr'>minibus;</span> <span class='ocrx_word' id='word_1_117' title='bbox 702 2799 739 2875; x_wconf 92' lang='lat' dir='ltr'>in</span> <span class='ocrx_word' id='word_1_118' title='bbox 765 2808 904 2878; x_wconf 87' lang='lat' dir='ltr'>tantum</span> <span class='ocrx_word' id='word_1_119' title='bbox 932 2828 959 2910; x_wconf 83' lang='lat' dir='ltr'>a</span> <span class='ocrx_word' id='word_1_120' title='bbox 980 2804 1220 2881; x_wconf 83' lang='lat' dir='ltr'>conficiendis</span> <span class='ocrx_word' id='word_1_121' title='bbox 1247 2804 1290 2881; x_wconf 90' lang='lat' dir='ltr'>iis</span> <span class='ocrx_word' id='word_1_122' title='bbox 1306 2794 1562 2896; x_wconf 69' lang='lat' dir='ltr'>medicamini-¹</span> 
     </span>
     <span class='ocr_line' id='line_1_18' title="bbox 503 2935 1564 3037; baseline 0.002 -24"><span class='ocrx_word' id='word_1_123' title='bbox 503 2939 572 3013; x_wconf 90' lang='lat' dir='ltr'>bus</span> <span class='ocrx_word' id='word_1_124' title='bbox 598 2935 742 3022; x_wconf 88' lang='lat' dir='ltr'>absunt,</span> <span class='ocrx_word' id='word_1_125' title='bbox 770 2936 871 3032; x_wconf 85' lang='lat' dir='ltr'>quad</span> <span class='ocrx_word' id='word_1_126' title='bbox 899 2959 983 3012; x_wconf 89' lang='lat' dir='ltr'>esse</span> <span class='ocrx_word' id='word_1_127' title='bbox 1011 2937 1196 3037; x_wconf 81' lang='lat' dir='ltr'>proprium</span> <span class='ocrx_word' id='word_1_128' title='bbox 1229 2939 1433 3016; x_wconf 81' lang='lat' dir='ltr'>medicinae</span> <span class='ocrx_word' id='word_1_129' title='bbox 1459 2938 1564 3017; x_wconf 86' lang='lat' dir='ltr'>sole-</span> 
     </span>
     <span class='ocr_line' id='line_1_19' title="bbox 421 3066 1563 3172; baseline 0.004 -28"><span class='ocrx_word' id='word_1_130' title='bbox 421 3085 427 3099; x_wconf 89' lang='lat'><em>&#39;</em></span> <span class='ocrx_word' id='word_1_131' title='bbox 503 3071 572 3146; x_wconf 90' lang='lat' dir='ltr'>bat.</span> <span class='ocrx_word' id='word_1_132' title='bbox 623 3066 728 3143; x_wconf 88' lang='lat' dir='ltr'>Nunc</span> <span class='ocrx_word' id='word_1_133' title='bbox 756 3069 927 3164; x_wconf 85' lang='lat' dir='ltr'>quotiens</span> <span class='ocrx_word' id='word_1_134' title='bbox 967 3070 1131 3147; x_wconf 81' lang='lat' dir='ltr'>incidere</span> <span class='ocrx_word' id='word_1_135' title='bbox 1156 3071 1192 3145; x_wconf 93' lang='lat' dir='ltr'>in</span> <span class='ocrx_word' id='word_1_136' title='bbox 1220 3070 1366 3149; x_wconf 86' lang='lat' dir='ltr'>libellos</span> <span class='ocrx_word' id='word_1_137' title='bbox 1406 3079 1563 3172; x_wconf 88' lang='lat' dir='ltr'>cbmpu-</span> 
     </span>
     <span class='ocr_line' id='line_1_20' title="bbox 502 3198 1560 3303; baseline 0.006 -28"><span class='ocrx_word' id='word_1_138' title='bbox 502 3223 589 3277; x_wconf 83' lang='lat' dir='ltr'>nere</span> <span class='ocrx_word' id='word_1_139' title='bbox 617 3224 663 3276; x_wconf 86' lang='lat' dir='ltr'>ex</span> <span class='ocrx_word' id='word_1_140' title='bbox 707 3198 764 3273; x_wconf 91' lang='lat' dir='ltr'>bis</span> <span class='ocrx_word' id='word_1_141' title='bbox 801 3199 971 3276; x_wconf 89' lang='lat' dir='ltr'>volentes</span> <span class='ocrx_word' id='word_1_142' title='bbox 1006 3200 1128 3301; x_wconf 91' lang='lat' dir='ltr'>aliqua</span> <span class='ocrx_word' id='word_1_143' title='bbox 1165 3203 1239 3280; x_wconf 88' lang='lat' dir='ltr'>huc</span> <span class='ocrx_word' id='word_1_144' title='bbox 1275 3212 1331 3280; x_wconf 90' lang='lat' dir='ltr'>est</span> <span class='ocrx_word' id='word_1_145' title='bbox 1368 3204 1560 3303; x_wconf 88' lang='lat' dir='ltr'>impendio</span> 
     </span>
     <span class='ocr_line' id='line_1_21' title="bbox 499 3332 1561 3436; baseline 0.003 -28"><span class='ocrx_word' id='word_1_146' title='bbox 499 3333 717 3409; x_wconf 85' lang='lat' dir='ltr'>miserarum</span> <span class='ocrx_word' id='word_1_147' title='bbox 744 3332 902 3430; x_wconf 83' lang='lat' dir='ltr'>experiri</span> <span class='ocrx_word' id='word_1_148' title='bbox 930 3333 1207 3424; x_wconf 85' lang='lat' dir='ltr'>commentaria,</span> <span class='ocrx_word' id='word_1_149' title='bbox 1244 3336 1398 3412; x_wconf 86' lang='lat' dir='ltr'>credunt</span> <span class='ocrx_word' id='word_1_150' title='bbox 1427 3334 1561 3436; x_wconf 91' lang='lat' dir='ltr'>Sepla-</span> 
     </span>
    </p>
   </div>
   <div class='ocr_carea' id='block_1_5' title="bbox 500 3465 1673 3700">
    <p class='ocr_par' dir='ltr' id='par_1_7' title="bbox 500 3465 1673 3700">
     <span class='ocr_line' id='line_1_22' title="bbox 500 3465 1673 3566; baseline 0.001 -26"><span class='ocrx_word' id='word_1_151' title='bbox 500 3467 576 3541; x_wconf 88' lang='lat' dir='ltr'>siae</span> <span class='ocrx_word' id='word_1_152' title='bbox 616 3465 737 3541; x_wconf 87' lang='lat' dir='ltr'>emnia</span> <span class='ocrx_word' id='word_1_153' title='bbox 774 3467 1032 3564; x_wconf 85' lang='lat' dir='ltr'>cauumpenti.</span> <span class='ocrx_word' id='word_1_154' title='bbox 1085 3467 1156 3542; x_wconf 90' lang='lat' dir='ltr'>lam</span> <span class='ocrx_word' id='word_1_155' title='bbox 1184 3468 1334 3566; x_wconf 90' lang='lat' dir='ltr'>quidem</span> <span class='ocrx_word' id='word_1_156' title='bbox 1360 3469 1458 3544; x_wconf 90' lang='lat' dir='ltr'>sacta</span> <span class='ocrx_word' id='word_1_157' title='bbox 1482 3493 1560 3545; x_wconf 91' lang='lat' dir='ltr'>em·</span> <span class='ocrx_word' id='word_1_158' title='bbox 1672 3497 1673 3564; x_wconf 69' lang='grc' dir='ltr'><em>ῑ</em></span> 
     </span>
     <span class='ocr_line' id='line_1_23' title="bbox 503 3595 1673 3700; baseline 0.001 -27"><span class='ocrx_word' id='word_1_159' title='bbox 503 3596 639 3695; x_wconf 88' lang='lat' dir='ltr'>plastra</span> <span class='ocrx_word' id='word_1_160' title='bbox 666 3603 702 3671; x_wconf 91' lang='lat' dir='ltr'>et</span> <span class='ocrx_word' id='word_1_161' title='bbox 729 3595 883 3695; x_wconf 84' lang='lat' dir='ltr'>collyria</span> <span class='ocrx_word' id='word_1_162' title='bbox 909 3608 1133 3689; x_wconf 86' lang='lat' dir='ltr'>mercantur,</span> <span class='ocrx_word' id='word_1_163' title='bbox 1174 3600 1353 3700; x_wconf 87' lang='lat' dir='ltr'>tabesque</span> <span class='ocrx_word' id='word_1_164' title='bbox 1381 3602 1558 3678; x_wconf 87' lang='lat' dir='ltr'>mercium</span> <span class='ocrx_word' id='word_1_165' title='bbox 1672 3601 1673 3692; x_wconf 67' lang='lat' dir='ltr'><em>J</em></span> 
     </span>
    </p>
   </div>
   <div class='ocr_carea' id='block_1_6' title="bbox 501 3727 1201 3828">
    <p class='ocr_par' dir='ltr' id='par_1_8' title="bbox 501 3727 1201 3828">
     <span class='ocr_line' id='line_1_24' title="bbox 501 3727 1201 3828; baseline 0 -24"><span class='ocrx_word' id='word_1_166' title='bbox 501 3740 563 3812; x_wconf 89' lang='lat' dir='ltr'>aut</span> <span class='ocrx_word' id='word_1_167' title='bbox 588 3730 687 3805; x_wconf 83' lang='lat' dir='ltr'>fraus</span> <span class='ocrx_word' id='word_1_168' title='bbox 715 3727 907 3828; x_wconf 73' lang='lat' dir='ltr'>Seplasiae</span> <span class='ocrx_word' id='word_1_169' title='bbox 936 3730 990 3805; x_wconf 92' lang='lat' dir='ltr'>sic</span> <span class='ocrx_word' id='word_1_170' title='bbox 1016 3732 1201 3807; x_wconf 82' lang='lat' dir='ltr'>exteritur.</span> 
     </span>
    </p>
   </div>
   <div class='ocr_carea' id='block_1_7' title="bbox 450 3878 1564 4792">
    <p class='ocr_par' dir='ltr' id='par_1_9' title="bbox 450 3878 1564 4792">
     <span class='ocr_line' id='line_1_25' title="bbox 455 3878 1558 3966; baseline 0.003 -23"><span class='ocrx_word' id='word_1_171' title='bbox 455 3896 459 3900; x_wconf 88' lang='grc'><strong><em>·</em></strong></span> <span class='ocrx_word' id='word_1_172' title='bbox 493 3882 542 3943; x_wconf 87' lang='lat' dir='ltr'>lta</span> <span class='ocrx_word' id='word_1_173' title='bbox 563 3878 629 3943; x_wconf 82' lang='lat' dir='ltr'>sill.</span> <span class='ocrx_word' id='word_1_174' title='bbox 653 3878 877 3942; x_wconf 84' lang='lat' dir='ltr'>contaminatis</span> <span class='ocrx_word' id='word_1_175' title='bbox 899 3878 1050 3942; x_wconf 88' lang='lat' dir='ltr'>librorum</span> <span class='ocrx_word' id='word_1_176' title='bbox 1075 3881 1266 3945; x_wconf 84' lang='lat' dir='ltr'>deteriorum</span> <span class='ocrx_word' id='word_1_177' title='bbox 1289 3881 1365 3944; x_wconf 88' lang='lat' dir='ltr'>etB</span> <span class='ocrx_word' id='word_1_178' title='bbox 1390 3883 1558 3966; x_wconf 82' lang='lat' dir='ltr'>scriptura,</span> 
     </span>
     <span class='ocr_line' id='line_1_26' title="bbox 450 3971 1557 4080; baseline 0.004 -22"><span class='ocrx_word' id='word_1_179' title='bbox 450 3996 548 4060; x_wconf 88' lang='lat' dir='ltr'>lanus</span> <span class='ocrx_word' id='word_1_180' title='bbox 571 4003 676 4060; x_wconf 84' lang='lat' dir='ltr'>eutem</span> <span class='ocrx_word' id='word_1_181' title='bbox 700 4016 740 4058; x_wconf 84' lang='lat' dir='ltr'>ex</span> <span class='ocrx_word' id='word_1_182' title='bbox 761 3996 822 4058; x_wconf 85' lang='lat' dir='ltr'>illis</span> <span class='ocrx_word' id='word_1_183' title='bbox 843 3997 1005 4080; x_wconf 86' lang='lat' dir='ltr'>vulgatam</span> <span class='ocrx_word' id='word_1_184' title='bbox 1027 3971 1196 4064; x_wconf 79' lang='lat' dir='ltr'>lectionem</span> <span class='ocrx_word' id='word_1_185' title='bbox 1221 4019 1298 4075; x_wconf 80' lang='lat' dir='ltr'>pars</span> <span class='ocrx_word' id='word_1_186' title='bbox 1320 4004 1417 4068; x_wconf 82' lang='lat' dir='ltr'>mator</span> <span class='ocrx_word' id='word_1_187' title='bbox 1438 4012 1469 4062; x_wconf 82' lang='lat' dir='ltr'>et</span> <span class='ocrx_word' id='word_1_188' title='bbox 1491 4019 1557 4064; x_wconf 86' lang='lat' dir='ltr'>ser·</span> 
     </span>
     <span class='ocr_line' id='line_1_27' title="bbox 450 4112 1557 4200; baseline 0.005 -26"><span class='ocrx_word' id='word_1_189' title='bbox 450 4113 551 4189; x_wconf 81' lang='lat' dir='ltr'>veuit,</span> <span class='ocrx_word' id='word_1_190' title='bbox 581 4112 682 4176; x_wconf 87' lang='lat' dir='ltr'>ultimi</span> <span class='ocrx_word' id='word_1_191' title='bbox 715 4113 803 4176; x_wconf 91' lang='lat' dir='ltr'>verbi</span> <span class='ocrx_word' id='word_1_192' title='bbox 831 4113 901 4176; x_wconf 88' lang='lat' dir='ltr'>loco</span> <span class='ocrx_word' id='word_1_193' title='bbox 924 4135 942 4176; x_wconf 91' lang='lat' dir='ltr'>e</span> <span class='ocrx_word' id='word_1_194' title='bbox 964 4115 991 4177; x_wconf 92' lang='lat' dir='ltr'>B</span> <span class='ocrx_word' id='word_1_195' title='bbox 1013 4116 1139 4200; x_wconf 79' lang='lat' dir='ltr'>scripsit</span> <span class='ocrx_word' id='word_1_196' title='bbox 1156 4121 1240 4178; x_wconf 78' lang='lat' dir='ltr'>sicae</span> <span class='ocrx_word' id='word_1_197' title='bbox 1269 4127 1401 4180; x_wconf 82' lang='lat' dir='ltr'>taxetur.</span> <span class='ocrx_word' id='word_1_198' title='bbox 1448 4116 1516 4180; x_wconf 87' lang='lat' dir='ltr'>Nos</span> <span class='ocrx_word' id='word_1_199' title='bbox 1540 4137 1557 4179; x_wconf 90' lang='lat' dir='ltr'>e</span> 
     </span>
     <span class='ocr_line' id='line_1_28' title="bbox 450 4225 1555 4320; baseline 0.005 -28"><span class='ocrx_word' id='word_1_200' title='bbox 450 4229 697 4314; x_wconf 83' lang='lat' dir='ltr'>Bambergensis</span> <span class='ocrx_word' id='word_1_201' title='bbox 720 4230 878 4294; x_wconf 81' lang='lat' dir='ltr'>erroribus</span> <span class='ocrx_word' id='word_1_202' title='bbox 907 4231 983 4316; x_wconf 88' lang='lat' dir='ltr'>quid</span> <span class='ocrx_word' id='word_1_203' title='bbox 1004 4231 1127 4296; x_wconf 89' lang='lat' dir='ltr'>Plinius</span> <span class='ocrx_word' id='word_1_204' title='bbox 1150 4225 1312 4318; x_wconf 65' lang='lat' dir='ltr'>seripsefit</span> <span class='ocrx_word' id='word_1_205' title='bbox 1340 4233 1435 4298; x_wconf 82' lang='lat' dir='ltr'>facile</span> <span class='ocrx_word' id='word_1_206' title='bbox 1458 4254 1555 4320; x_wconf 87' lang='lat' dir='ltr'>expe·</span> 
     </span>
     <span class='ocr_line' id='line_1_29' title="bbox 451 4345 1555 4433; baseline 0.005 -24"><span class='ocrx_word' id='word_1_207' title='bbox 451 4345 510 4410; x_wconf 88' lang='lat' dir='ltr'>diri</span> <span class='ocrx_word' id='word_1_208' title='bbox 533 4346 733 4426; x_wconf 76' lang='lat' dir='ltr'>arbitramur,</span> <span class='ocrx_word' id='word_1_209' title='bbox 755 4358 851 4432; x_wconf 87' lang='lat' dir='ltr'>atque</span> <span class='ocrx_word' id='word_1_210' title='bbox 874 4349 958 4433; x_wconf 87' lang='lat' dir='ltr'>quod</span> <span class='ocrx_word' id='word_1_211' title='bbox 980 4349 1032 4412; x_wconf 92' lang='lat' dir='ltr'>ille</span> <span class='ocrx_word' id='word_1_212' title='bbox 1055 4349 1185 4414; x_wconf 88' lang='lat' dir='ltr'>exhibet</span> <span class='ocrx_word' id='word_1_213' title='bbox 1204 4365 1294 4430; x_wconf 67' lang='lat' dir='ltr'>purat</span> <span class='ocrx_word' id='word_1_214' title='bbox 1314 4353 1345 4414; x_wconf 91' lang='lat' dir='ltr'>in</span> <span class='ocrx_word' id='word_1_215' title='bbox 1363 4363 1477 4430; x_wconf 80' lang='lat' dir='ltr'>parent</span> <span class='ocrx_word' id='word_1_216' title='bbox 1489 4372 1555 4414; x_wconf 90' lang='lat' dir='ltr'>mu·</span> 
     </span>
     <span class='ocr_line' id='line_1_30' title="bbox 451 4463 1554 4552; baseline 0.006 -29"><span class='ocrx_word' id='word_1_217' title='bbox 451 4470 551 4526; x_wconf 88' lang='lat' dir='ltr'>tatum</span> <span class='ocrx_word' id='word_1_218' title='bbox 581 4463 623 4527; x_wconf 88' lang='lat' dir='ltr'>ad</span> <span class='ocrx_word' id='word_1_219' title='bbox 650 4463 791 4527; x_wconf 87' lang='lat' dir='ltr'>medices</span> <span class='ocrx_word' id='word_1_220' title='bbox 824 4465 960 4528; x_wconf 81' lang='lat' dir='ltr'>refertur</span> <span class='ocrx_word' id='word_1_221' title='bbox 988 4467 1041 4552; x_wconf 93' lang='lat' dir='ltr'>qui</span> <span class='ocrx_word' id='word_1_222' title='bbox 1071 4468 1251 4530; x_wconf 88' lang='lat' dir='ltr'>nominibus</span> <span class='ocrx_word' id='word_1_223' title='bbox 1280 4469 1474 4548; x_wconf 81' lang='lat' dir='ltr'>inserviunt,</span> <span class='ocrx_word' id='word_1_224' title='bbox 1505 4489 1554 4532; x_wconf 84' lang='lat' dir='ltr'>res</span> 
     </span>
     <span class='ocr_line' id='line_1_31' title="bbox 451 4580 1554 4666; baseline 0.005 -23"><span class='ocrx_word' id='word_1_225' title='bbox 451 4581 625 4666; x_wconf 83' lang='lat' dir='ltr'>negligunt.</span> <span class='ocrx_word' id='word_1_226' title='bbox 667 4580 749 4643; x_wconf 83' lang='lat' dir='ltr'>Tum</span> <span class='ocrx_word' id='word_1_227' title='bbox 770 4588 1014 4645; x_wconf 72' lang='lat' dir='ltr'>niedtcumtnibus</span> <span class='ocrx_word' id='word_1_228' title='bbox 1035 4589 1088 4663; x_wconf 78' lang='lat' dir='ltr'>iis,</span> <span class='ocrx_word' id='word_1_229' title='bbox 1117 4583 1176 4647; x_wconf 87' lang='lat' dir='ltr'>hoe</span> <span class='ocrx_word' id='word_1_230' title='bbox 1207 4585 1290 4648; x_wconf 89' lang='lat' dir='ltr'>enim</span> <span class='ocrx_word' id='word_1_231' title='bbox 1319 4583 1431 4648; x_wconf 89' lang='lat' dir='ltr'>ordine</span> <span class='ocrx_word' id='word_1_232' title='bbox 1458 4585 1554 4649; x_wconf 85' lang='lat' dir='ltr'>verba</span> 
     </span>
     <span class='ocr_line' id='line_1_32' title="bbox 451 4696 1564 4792; baseline 0.007 -36"><span class='ocrx_word' id='word_1_233' title='bbox 451 4697 485 4758; x_wconf 68' lang='lat' dir='ltr'>in</span> <span class='ocrx_word' id='word_1_234' title='bbox 505 4696 532 4757; x_wconf 93' lang='lat' dir='ltr'><strong>B</strong></span> <span class='ocrx_word' id='word_1_235' title='bbox 552 4697 713 4780; x_wconf 83' lang='lat' dir='ltr'>leguntur,</span> <span class='ocrx_word' id='word_1_236' title='bbox 735 4699 905 4781; x_wconf 84' lang='lat' dir='ltr'>recipietur</span> <span class='ocrx_word' id='word_1_237' title='bbox 926 4707 1061 4782; x_wconf 88' lang='lat' dir='ltr'>oportet.</span> <span class='ocrx_word' id='word_1_238' title='bbox 1106 4700 1233 4766; x_wconf 89' lang='lat' dir='ltr'>Deinde</span> <span class='ocrx_word' id='word_1_239' title='bbox 1255 4723 1319 4766; x_wconf 90' lang='lat' dir='ltr'>non</span> <span class='ocrx_word' id='word_1_240' title='bbox 1342 4710 1564 4792; x_wconf 20' lang='lat' dir='ltr'>commentaria!</span> 
     </span>
    </p>
   </div>
   <div class='ocr_carea' id='block_1_8' title="bbox 0 0 1866 5625">
    <p class='ocr_par' dir='ltr' id='par_1_10' title="bbox 0 0 1866 5625">
     <span class='ocr_line' id='line_1_33' title="bbox 0 0 1866 5625; baseline 0 0"><span class='ocrx_word' id='word_1_241' title='bbox 0 0 1866 5625; x_wconf 95' lang='lat' dir='ltr'> </span> 
     </span>
    </p>
   </div>
  </div>
 </body>
</html>
