3700 5625
705 746 795 808 hiber
815 746 850 806 Χ
853 747 908 808 VI.
1316 743 1358 812 11

674 942 937 1030 101=2s,41.
1131 931 1134 940 '
1378 949 1441 1020 aso

306 1085 367 1167 Sic
392 1087 431 1166 iit
464 1096 506 1166 ut
530 1090 646 1190 prima
681 1091 871 1168 eacumina
896 1089 1036 1192 impelli
1062 1089 1200 1166 secutis
1227 1111 1359 1189 appar-

305 1229 362 1299 eat
386 1221 601 1324 geniculato
628 1223 868 1302 incremento.
906 1222 1042 1308 xTertia
1075 1227 1132 1299 est
1157 1222 1359 1299 earundem

309 1355 570 1456 (germinatio)
601 1355 666 1435 rel.

337 1505 544 1590 Partioipium
557 1505 690 1592 perfecti
706 1527 778 1591 oum
800 1506 980 1591 praesentis
996 1505 1157 1572 infinitivo
1178 1505 1261 1570 malo
1284 1524 1359 1570 oon·

265 1621 346 1706 iungi
368 1621 434 1688 Sili.
471 1621 703 1690 animadvertit.
746 1621 830 1688 Nam
853 1623 907 1710 qui
937 1623 977 1688 ab
1000 1621 1079 1688 Iano
1101 1622 1249 1688 laudatur
1269 1623 1359 1688 loeus

204 1804 207 1811 ,
263 1738 428 1807 XVH.16.
453 1759 492 1804 eo
516 1738 636 1824 differt,
670 1739 755 1827 quod
790 1741 835 1807 ibi
868 1742 959 1808 verbi
994 1759 1159 1807 excurrere
1183 1740 1360 1828 perlectum

262 1858 420 1944 participio
440 1857 577 1943 perlecti
592 1859 766 1944 praeeedit.
809 1859 872 1924 Hie
893 1879 972 1926 varo
992 1859 1047 1924 ubi
1069 1858 1109 1924 de
1133 1859 1292 1946 tripartita
1308 1879 1358 1923 ar·

204 2054 205 2057 η
262 1973 367 2038 borum
382 1975 583 2061 quarundam
604 1978 838 2063 germinatione
859 1979 979 2064 agitur,
1003 1977 1232 2060 interprimunt
1255 1984 1288 2041 at
1300 1987 1359 2041 ter-

204 2154 205 2157 ,
264 2098 328 2155 tium
348 2093 612 2179 germinationem
635 2095 743 2161 media
764 2103 814 2160 est
835 2095 992 2178 secunda,
1014 2097 1121 2182 itaque
1138 2095 1357 2164 mouendum:

262 2217 403 2276 secundia.

680 2337 748 2411 111
763 2338 935 2424 :aaut
1017 2374 1022 2380 ¹
1336 2363 1341 2376 ‘
1379 2355 1441 2426 270

305 2480 360 2557 Fit
393 2481 490 2558 haee
524 2482 730 2588 differentia
756 2489 793 2559 et
818 2505 1004 2590 exsero,
1030 2481 1066 2558 in
1093 2481 1213 2580 iisque
1238 2498 1362 2557 maros

280 2637 379 2723 ,non
404 2615 545 2708 lerunt3

246 2760 363 2829 ‚Verba
383 2771 414 2828 io
432 2769 528 2845 iisque
542 2764 657 2851 quippe
676 2784 758 2853 quae
780 2786 842 2851 quo
864 2764 1045 2831 referantur
1056 2787 1121 2831 non
1137 2766 1277 2847 habeant
1291 2787 1359 2831 oor·

264 2888 349 2966 rupta
381 2903 454 2946 esso
475 2889 562 2947 reete
590 2882 656 2947 Sill.
679 2884 802 2948 monuit
826 2884 975 2969 idemque
1011 2885 1168 2970 scriptura
1198 2882 1315 2948 nodiois
1340 2905 1359 2947 a

266 2999 407 3063 mondum
430 3000 584 3064 orationis
605 2999 740 3065 indicari
761 3001 927 3067 intellexit.
961 2999 1055 3077 ouon
1076 2998 1162 3067 facili
1183 3002 1359 3066 mutatione

268 3115 385 3185 tollitur.
415 3117 560 3211 'Scilicet
580 3116 662 3182 haee
682 3116 804 3183 habent
820 3117 907 3183 libri:

300 3232 334 3297 d:
355 3246 384 3299 et
405 3257 446 3299 ex
466 3257 542 3301 sexu
563 3240 595 3300 in
617 3242 721 3316 itaque.

299 3350 341 3415 Dl
354 3374 370 3416 e
382 3352 445 3418 D²:
468 3366 497 3419 et
513 3353 690 3440 (quomodo
703 3352 850 3441 proxima
861 3348 926 3420 vox
939 3354 1106 3437 scribatur,
1128 3374 1192 3419 non
1203 3358 1358 3431 constat).
1403 3438 1406 3442 Ι

300 3491 333 3534 a:
354 3493 393 3536 ex
414 3477 520 3537 vicinia
542 3493 606 3551 que.
1071 3454 1076 3459 ¹
1341 3462 1345 3467 ⁵

300 3587 325 3673 i
339 3611 364 3657 e.
387 3602 416 3654 et
434 3612 511 3656 sexu
532 3598 563 3656 to
584 3556 622 3656 'its
643 3611 721 3670 quoe
741 3612 840 3655 mures
861 3611 923 3655 non
943 3594 1062 3672 serum,

267 3721 302 3766 so.
327 3705 358 3769 in
386 3706 426 3771 iis
457 3709 623 3774 arboribus
646 3729 728 3795 quae
750 3730 822 3773 oum
845 3729 950 3773 mares
973 3708 1036 3773 sint
1057 3729 1122 3772 non
1143 3708 1280 3793 ferunt,'
1296 3708 1359 3775 ὅσα
1426 3702 1432 3721 ‘

242 3843 247 3851 ·
267 3821 416 3891 καλοῦσιν
438 3825 564 3915 ἄρ’ρενα
585 3831 653 3891 τῶν
677 3823 845 3920 ὁμογενῶν
866 3826 1020 3914 ἄκαρπα,
1049 3824 1289 3913 Theophrastus
1311 3826 1359 3890 in·

204 3917 205 3984 l
253 3938 325 4020 'quit
345 3938 403 4013 III.
427 3944 456 4010 3.
479 3945 559 4013 7.-
582 3944 681 4007 Paulo
704 3950 779 4008 ants
799 3944 833 4008 in
854 3949 930 4008 silva
952 3949 1045 4009 cende
1067 3943 1152 4029 quod
1170 3943 1239 4009 aod.
1263 3964 1282 4007 a
1302 3942 1359 4009 ha-

270 4051 316 4119 bet
338 4058 427 4137 (eod.
451 4060 480 4127 d.
505 4064 613 4138 cende)
651 4038 769 4126 nomen
790 4061 954 4147 proprium
974 4062 1073 4126 latere
1095 4060 1192 4125 lanus
1216 4060 1359 4126 animad·
1485 4058 1491 4079 ‘

204 4161 205 4182 ¹
268 4178 367 4259 vertit,
378 4182 570 4273 *eunomium
586 4177 687 4243 fuisse
703 4185 810 4265 putat,-
832 4180 964 4266 propius
980 4178 1021 4243 ad
1033 4179 1209 4245 litterarum
1224 4176 1359 4245 forriram

204 4379 205 4386 ἵ
268 4292 397 4357 tanouea
418 4293 543 4361 ridetur
565 4296 719 4362 accedere
740 4298 761 4363 i.
784 4318 811 4362 e.
823 4299 949 4377 Martia,
973 4295 1158 4363 Candaeum
1175 4298 1259 4362 enim
1275 4296 1359 4362 Mar·

266 4411 320 4473 tem
341 4412 483 4498 appellat
504 4413 675 4501 Lycophro
698 4413 769 4483 528.
792 4416 884 4487 1410.

678 4573 939 4660 113=2o,ro.
1289 4602 1291 4613 ·
1380 4575 1439 4644 271

309 4699 460 4801 sithen)
474 4704 604 4829 mmm
616 4701 734 4781 sarius
748 4699 879 4781 folium
887 4700 1051 4782 nascitur
1068 4724 1179 4805 qoam
1192 4727 1351 4810 pomum.
1469 4766 1472 4774 ι
