3700 5625
961 598 1063 665 liter·
1081 598 1138 666 Π.

910 786 984 863 201
999 822 1037 855 =
1049 786 1113 881 85,
1126 785 1188 861 87.

541 934 752 1042 Nascuntur
775 964 872 1039 enim
898 964 1070 1065 (terrae)
1098 986 1168 1038 neo
1184 930 1375 1037 fluminum
1398 972 1535 1061 tantum
1554 964 1615 1039 in-

539 1114 669 1197 vectu,
694 1101 790 1177 sicut
816 1098 1031 1203 Echinades
1058 1097 1201 1177 insulae
1229 1099 1273 1178 ab
1301 1098 1467 1175 Acheloo
1497 1124 1613 1177 amne

499 1292 516 1323 ·.
541 1249 738 1337 congestae
761 1235 953 1337 maiorque
978 1261 1068 1339 pars
1081 1234 1245 1336 Aegypti
1272 1258 1295 1309 a
1315 1233 1414 1327 Nilo,
1440 1233 1479 1309 in
1496 1260 1613 1336 quam

543 1399 565 1447 a
588 1373 714 1449 Pharo
736 1372 856 1447 insula
887 1370 1008 1448 noctis
1042 1380 1081 1447 et
1106 1370 1358 1447 diei.:oursum
1384 1370 1502 1447 fuisse
1523 1372 1615 1447 Ho-

543 1526 647 1583 mero
679 1507 886 1602 credimus,
923 1526 993 1583 nec
1026 1522 1181 1583 recessu
1206 1506 1361 1601 ‘mariss
1378 1506 1476 1582 sieut
1506 1506 1614 1583 idem

544 1644 724 1739 Circeiis,
755 1644 874 1744 quod
902 1641 1083 1720 accidisse
1111 1642 1215 1719 etin
1250 1642 1468 1719 Ambraciae
1493 1653 1613 1743 portu

544 1780 675 1856 decem
701 1780 841 1859 milium
866 1806 1043 1881 passuum
1063 1779 1259 1887 ‘intervallo
1293 1790 1331 1854 et
1357 1778 1613 1854 Athenien-

544 1916 658 1992 sium
686 1916 847 2018 quinque
875 1916 1014 1992 milium
1037 1906 1251 2017 passuum
1280 1924 1595 2010 memoraturrel.

575 2099 688 2188 Vulgo
716 2102 893 2188 legebatur
921 2102 1031 2167 cidern'
1048 2100 1090 2166 de
1112 2100 1248 2167 Circeiis
1275 2121 1294 2166 e
1321 2099 1464 2166 Barbari
1493 2121 1614 2167 emen-

493 2218 638 2288 datione.
684 2218 843 2285 Codicum
865 2221 1066 2305 scriptnram
1087 2220 1133 2285 ita
1156 2217 1303 2305 explicat
1326 2215 1490 2305 Silligius:
1524 2220 1615 2285 sicut

493 2332 580 2438 iriem
602 2336 682 2401 dicit
704 2335 842 2401 Circeiis
861 2334 974 2423 fuisse.
1015 2338 1114 2412 Quod
1136 2360 1236 2423 quum
1256 2338 1289 2402 in
1312 2336 1404 2402 Plinii
1426 2338 1540 2405 verbis
1562 2338 1614 2403 in·

494 2475 573 2521 esse
594 2466 754 2540 nequeat,
782 2455 900 2522 melius
932 2456 1032 2520 lanus
1066 2455 1218 2523 lacunam
1248 2454 1422 2535 indicavit,
1456 2456 1503 2523 ita
1535 2454 1612 2524 fere

494 2574 710 2658 explendam:
750 2573 836 2638 sicut
866 2573 954 2638 idem
982 2578 1080 2639 testisv
1102 2585 1150 2639 est
1176 2572 1300 2661 factum
1326 2595 1393 2638 esse
1425 2572 1510 2637 Mem
1538 2572 1613 2640 Cir.

493 2692 570 2755 caiis
591 2690 678 2786 quod
704 2690 764 2759 rel.
817 2692 920 2778 Atqui
949 2696 1072 2781 omnes¹
1090 2715 1130 2760 eo
1158 2692 1332 2776 falluntur,
1360 2692 1449 2777 quod
1471 2690 1514 2758 ab
1539 2692 1614 2758 Ho-

493 2831 587 2878 mero
609 2810 734 2899 aliquid
755 2813 886 2877 narrari
912 2813 1043 2894 volunt,
1071 2814 1159 2900 quod
1183 2810 1228 2876 illi
1255 2832 1298 2877 ne
1321 2810 1353 2875 in
1375 2821 1518 2878 mentem
1541 2815 1613 2900 qni-

494 2927 569 2995 ‹iem
584 2932 700 2997 venire
722 2932 878 3015 potuerit.
923 2920 1028 2998 Poeta
1050 2932 1136 2996 enim
1156 2929 1296 2996 insulam
1319 2929 1476 3007 nominat,
1495 2929 1612 3016 itaque

494 3049 537 3114 de
560 3069 601 3115 ea
621 3048 772 3115 locorum
795 3051 1062 3137 mutationeque
1084 3071 1157 3138 cum
1181 3049 1363 3140 continenti
1380 3059 1468 3114 terra
1483 3045 1613 3115 Circeii

493 3170 661 3234 coniuncti
682 3191 761 3237 esse
783 3153 1212 3257 perhibentur‚³manifesto
1232 3189 1299 3233 non
1310 3168 1466 3253 loquitur.
1487 3165 1611 3256 Neque

493 3287 525 3352 ei
543 3291 766 3356 excusationi
794 3291 903 3357 locum
933 3312 1023 3369 esse,
1053 3310 1119 3375 qua
1141 3286 1292 3374 plerique
1315 3285 1406 3351 abuti
1433 3283 1544 3351 solent
1574 3297 1612 3351 ut

448 3404 634 3470 &Plinium
657 3410 786 3474 erroris
806 3409 1009 3485 insimulent,
1034 3427 1054 3472 e
1076 3407 1160 3472 libro
1182 3404 1238 3473 lll.
1261 3405 1352 3486 §.52
1372 3417 1532 3490 apparet,
1554 3407 1612 3472 ubi

493 3521 695 3590 describitur
715 3524 863 3606 „Circeii
883 3526 1052 3610 qnondam
1073 3523 1182 3590 insula
1202 3525 1364 3592 immenso
1380 3523 1512 3610 quidem
1527 3527 1613 3592 mari

493 3638 699 3706 circumdata
722 3644 775 3728 (ut
797 3645 945 3710 creditur
955 3645 1120 3729 Homero)
1144 3653 1178 3710 et
1197 3664 1287 3710 nunc
1309 3643 1479 3729 planitie“.
1506 3643 1610 3710 lmmo

493 3757 620 3827 Plinius
643 3783 710 3829 non
737 3761 942 3833 Ambraciae
968 3761 1075 3842 solum
1106 3763 1168 3832 sed
1200 3762 1298 3827 etiam
1326 3761 1464 3828 Circeiis
1491 3764 1611 3830 decem

492 3875 582 3942 milia
603 3898 765 3964 passuum
795 3893 906 3947 terrae
932 3885 1123 3948 accessisse
1152 3881 1317 3960 narravit,
1344 3891 1444 3967 atque
1467 3884 1610 3950 eandem

493 4017 685 4064 mensuram
707 3997 729 4066 l.
742 4000 765 4067 l.
786 3999 927 4084 profert.
972 4000 1088 4085 ltaque
1112 3977 1222 4065 deleto
1242 4001 1439 4084 pronomine
1462 4002 1610 4070 scriben-

494 4115 572 4180 dum
595 4129 665 4182 est:
694 4120 781 4183 siout
802 4117 888 4182 idem
913 4116 1050 4182 Circeiis
1071 4117 1227 4184 accidisse
1247 4127 1279 4183 et
1298 4119 1321 4183 i.
1337 4119 1382 4188 Α.
1394 4141 1427 4207 p.
1476 4117 1608 4188 Deinde

493 4232 640 4318 genitivo
668 4234 921 4301 Atheniensium
950 4249 1121 4304 structura
1148 4239 1330 4305 verborum
1355 4240 1515 4305 turbatur.
1567 4242 1610 4306 Er

493 4350 607 4416 vitium
636 4354 768 4440 quidem
795 4359 986 4443 scripturae
1009 4351 1179 4424 varietate
1201 4357 1364 4445 proditur.
1416 4359 1504 4424 Nam
1525 4360 1610 4423 sium

492 4470 527 4535 in
543 4472 654 4538 erud
676 4474 709 4539 in
733 4495 856 4542 rasura
877 4489 951 4555 est,
973 4494 1133 4543 mensura
1152 4479 1311 4548 omittitur
1326 4477 1440 4543 nsua..
1463 4477 1611 4547 Litteras

493 4589 595 4678 igitur
612 4590 722 4660 VMe
743 4596 907 4680 proximis
929 4595 1000 4662 VM
1020 4596 1107 4664 male
1127 4599 1290 4684 repetitas
1308 4613 1389 4664 esse
1412 4591 1557 4685 apparot
1575 4611 1612 4666 et
