3700 5625
499 580 543 647 48
963 578 1063 645 liber
1081 580 1148 647 IV.

504 762 676 831 Παιώνια
700 764 831 852 legant,
862 763 982 852 pruoul
1013 766 1113 833 dubio
1140 764 1320 852 legitimum
1349 767 1465 854 oppidi
1490 788 1609 835 nomen

503 882 686 973 llaerapne,
708 885 916 972 quodetiam
939 882 1179 951 Solinuse.22
1201 884 1347 965 exhibet,
1368 886 1610 954 restituendum
1655 902 1656 905 ’

500 1012 561 1071 esu
603 1004 735 1072 Deinde
762 1002 911 1091 Thyreae
933 1002 1118 1069 Salmasius
1133 1003 1280 1070 Exercit.
1301 1003 1448 1091 plau
1439 1026 1473 1073 m
1485 1006 1656 1072 uuam
1655 1034 1656 1103 y

499 1123 689 1189 mutandum
701 1144 780 1190 esse
791 1122 885 1204 ndu
908 1140 985 1187 uam
997 1121 1155 1209 Thyreae
1167 1122 1362 1209 Argolidem
1383 1144 1506 1191 versus
1529 1127 1656 1193 sitae
1655 1124 1656 1229 J

499 1252 607 1321 erant,
629 1240 755 1307 Tburia
775 1262 859 1309 vero
881 1262 959 1307 nou
969 1240 1070 1327 longe
1086 1240 1252 1309 aPamiso
1270 1262 1368 1309 amne
1389 1244 1552 1330 distabat,
1573 1246 1611 1313 el.
1655 1234 1656 1323 f

411 1352 417 1363 ’
498 1357 708 1426 snauvffl.
725 1360 844 1448 phili),
872 1360 1017 1427 Pausan.
1029 1360 1086 1425 lV.
1102 1360 1153 1426 31.
1164 1362 1194 1429 i.
1253 1361 1410 1428 Ceterum
1439 1364 1611 1451 antiquum
1655 1378 1656 1403 ι

496 1474 604 1543 fuisse
624 1478 738 1545 vitium
754 1482 833 1547 eod.
849 1480 881 1545 A
901 1492 937 1545 et
957 1480 1062 1547 Soliui
1083 1480 1224 1547 lectione
1247 1482 1511 1562 demonstratur,
1537 1482 1612 1549 lioet
1655 1494 1656 1567 ι

496 1597 530 1663 in
554 1598 653 1664 eodd.
677 1599 808 1665 Gelenii
827 1598 974 1686 Thyrea,
999 1600 1033 1665 in
1054 1598 1086 1665 R
1110 1600 1216 1687 lyaeo
1236 1603 1435 1686 reperiatur.
1464 1600 1611 1669 Gravior

495 1736 579 1784 vero
601 1719 703 1785 totius
724 1718 790 1785 loci
814 1729 866 1785 est
888 1718 1105 1803 perturbau'o,
1125 1717 1158 1783 in
1174 1738 1239 1805 quo
1262 1740 1328 1787 uon
1351 1720 1452 1785 modo
1471 1721 1610 1789 interio-
1655 1694 1656 1729 ³

495 1844 554 1906 re'a
574 1838 644 1904 loei
665 1849 740 1904 eum
762 1836 933 1904 maritimis
956 1836 1204 1904 confunduntur
1217 1839 1279 1905 sed
1293 1838 1496 1925 Cardamyle
1510 1861 1608 1927 quam

496 1966 542 2025 et·
556 1958 734 2026 Strabonis
760 1956 813 2026 ll.
841 1969 874 2024 et
902 1958 1090 2024 Pausaniae
1115 1957 1168 2021 Ill.
1185 1956 1281 2027 aaa.
1311 1969 1422 2025 aetate
1448 1959 1609 2028 floruisse

494 2088 638 2159 constat,
657 2080 745 2145 inter
766 2079 932 2146 exstincta
953 2078 1077 2165 oppida
1098 2088 1317 2143 enumeratur.
1360 2079 1456 2153 Quae
1479 2080 1609 2167 aliqua-

494 2208 593 2265 tenus
622 2199 743 2265 saltem
768 2218 787 2265 e
814 2197 920 2265 Soliui
951 2198 1095 2284 epitome
1123 2204 1280 2284 poterunt
1313 2197 1497 2263 emendari.
1553 2200 1608 2267 llle
1655 2226 1656 2235 ¹

482 2318 581 2386 ‚enim
602 2315 656 2386 l.l.
679 2328 759 2402 post
775 2317 954 2383 Taenaron
979 2318 1128 2384 nominat
1148 2316 1326 2395 Leuetras,
1345 2326 1411 2381 tum
1429 2316 1607 2405 Amyclas,

494 2436 662 2522 Spartam,
683 2435 894 2521 Therapnas,
912 2420 1062 2513 Pitanen,
1083 2445 1255 2521 postremo
1277 2454 1343 2501 non
1366 2437 1440 2501 siue
1461 2435 1606 2505 ridiculo

494 2574 611 2621 errore
635 2555 682 2619 ita
700 2556 840 2642 pergit:
873 2553 1027 2635 „Anthia
1050 2563 1083 2620 et
1106 2544 1324 2641 Cardamyle,
1354 2555 1409 2619 ubi
1436 2558 1606 2641 quondam

493 2672 589 2738 luere
611 2672 757 2759 Thyreae,
780 2692 868 2739 nuno
886 2671 982 2737 loeus
1004 2674 1134 2752 dieitur,
1155 2674 1189 2737 in
1211 2694 1276 2760 quo
1302 2692 1389 2739 auno
1398 2674 1494 2739 XVII
1509 2678 1606 2763 regni

492 2792 626 2861 Romuli
648 2793 735 2859 inter
748 2792 901 2858 Laconas
913 2805 946 2859 et
959 2792 1104 2878 Argivos
1125 2792 1340 2858 memorabile
1362 2792 1483 2858 bellum
1508 2794 1606 2863 suit.⁶‘

492 2913 714 2980 Scribendum
744 2924 811 2979 est:
846 2913 916 2992 „A.
939 2931 966 2977 e.
989 2909 1190 2996 Cardamyle
1217 2912 1274 2978 ubi
1300 2914 1466 3000 quondam
1493 2913 1604 2995 suere,

490 3029 626 3119 'l'hyrae
642 3031 833 3118 (Thyreae)
845 3051 944 3096 ‘nuno
963 3029 1059 3094 loeus
1079 3029 1234 3100 dieitur.“
1257 3030 1336 3095 lnde
1348 3035 1605 3116 transponenda

440 3165 445 3173 ’
491 3138 570 3218 esse
594 3148 688 3216 Plinii
709 3153 813 3218 verba
833 3152 866 3216 iu
887 3150 977 3215 huno
999 3150 1131 3214 modum
1149 3161 1304 3235 apparet:
1328 3149 1457 3238 Oppida
1472 3151 1602 3217 l'aeua·

490 3292 576 3352 mm,
598 3271 744 3336 Leuctra
766 3279 799 3337 et
820 3271 910 3335 iratus
923 3267 1057 3358 Sparta,
1071 3268 1240 3355 Aruyelae,
1254 3267 1392 3348 Pherae,
1415 3267 1603 3358 Pherapnae,

490 3389 682 3454 Rtanerel.
715 3391 850 3455 S'eilieet
870 3410 945 3455 eum
966 3389 1115 3454 ordinem
1138 3390 1242 3456 tenuit
1254 3390 1379 3456 Plinius
1402 3398 1437 3454 ut
1458 3389 1603 3474 primum

489 3507 659 3592 antiquum
686 3505 861 3574 Laeonum
888 3527 1005 3592 agrum
1036 3526 1144 3595 usque
1170 3507 1213 3572 ad
1246 3509 1405 3574 minorent
1431 3506 1603 3576 Pamisum

490 3625 711 3706 describeret,
734 3627 854 3692 deiude
876 3628 1047 3713 regionem
1061 3625 1442 3712 Messeniorumusque
1466 3627 1510 3692 ad
1533 3649 1603 3694 ma-

488 3747 594 3813 iorem
608 3746 773 3813 Pamisum
795 3747 949 3828 adderet,
974 3767 1060 3835 quae
1083 3745 1451 3815 annuDCCLXXVlll.
1466 3745 1603 3815 Messe·

487 3867 550 3933 uiis
573 3867 704 3933 reddita
728 3876 780 3934 est
801 3865 863 3953 (ef.
881 3864 963 3935 Tae.
978 3865 1216 3951 nonnula),
1247 3863 1420 3950 Agrippae
1449 3865 1601 3936 fortasse

487 3987 734 4055 commentariis
757 4008 851 4066 usus,
873 3989 993 4075 quibus
1016 4007 1057 4052 ea
1078 3985 1270 4051 Laconibus
1293 3985 1390 4050 tribui
1415 3997 1601 4053 consenta-

487 4126 585 4171 neum
607 4118 679 4175 erat
700 4127 786 4196 quae
807 4107 850 4172 ab
864 4107 1051 4174 Octaviano
1073 4108 1114 4171 iis
1136 4113 1232 4170 eraut
1255 4123 1434 4172 concessa.
1466 4103 1600 4173 Pheras

487 4224 572 4291 enim
595 4245 662 4308 non
686 4245 760 4292 eam
775 4227 891 4293 urbem
911 4225 1160 4310 intelligendam
1180 4243 1258 4290 esse
1279 4233 1422 4308 apparet
1443 4242 1529 4310 quae
1553 4225 1599 4290 ad

486 4341 662 4410 Nedouem
684 4343 749 4410 sita
770 4344 831 4413 suit
852 4348 915 4413 sed
939 4345 1079 4414 alteram
1092 4342 1244 4432 Amyclis
1265 4341 1419 4422 vicinam,
1442 4341 1598 4411 of.Paus.

484 4461 542 4528 Ν.
552 4459 635 4531 16.8.
670 4463 739 4529 lam
760 4465 859 4549 igitur
879 4486 980 4532 unum
999 4476 1106 4533 restat
1128 4467 1239 4532 vitium
1261 4461 1435 4550 quodiam
1458 4459 1598 4530 Solinus

484 4581 519 4647 in
541 4601 605 4651 suo
627 4583 784 4672 exemplo
805 4585 1008 4673 reperiebat,
1032 4604 1051 4652 a
1073 4585 1240 4654 Strabone
1254 4579 1337 4649 Vlll.
1352 4577 1469 4668 pauo.
1491 4578 1596 4648 eorri·
