3700 5625
580 764 584 773 ·
709 756 800 817 Liber
822 748 980 818 xxxiii.
1334 748 1396 815 209

372 948 479 1023 Quid?
507 946 716 1051 ebmssamne
738 928 872 1013 aurum?
899 948 997 1011 imme
1019 948 1154 1012 obrussa
1175 949 1244 1012 auri
1267 952 1316 1011 est
1338 968 1392 1011 ax·

288 1068 511 1152 perimentum.
554 1068 802 1152 Interpungatur
816 1071 966 1151 eportet:
1396 1053 1402 1067 ’

330 1222 373 1231 -
393 1190 586 1263 iuuenemque
607 1195 635 1246 et
655 1189 766 1263 msam:
788 1188 954 1248 obrussam
967 1194 1084 1247 necant.

746 1360 947 1446 δτι-431.
1414 1342 1475 1414 729

337 1466 481 1560 Aurum
516 1485 578 1582 qui
604 1491 786 1583 quaerunt
818 1492 902 1562 ante
940 1488 1061 1569 emnia
1086 1484 1283 1585 segutilum
1322 1482 1394 1561 tel-

335 1617 433 1709 lunt3
461 1616 510 1691 ita
535 1622 691 1693 veealur
715 1618 902 1694 indicium.
943 1618 1099 1715 [Alvens
1125 1618 1186 1693 hie
1213 1614 1281 1699 estl
1308 1617 1393 1692 har-

336 1772 506 1848 enaeque
534 1745 704 1824 lavantur
728 1756 838 1849 atque
866 1776 913 1827 ex
939 1775 984 1828 ee
1011 1756 1112 1850 qued
1138 1725 1277 1827 resedit
1304 1772 1393 1826 een-

335 1884 477 1960 ieetura
503 1882 654 1981 eapitur.
941 1972 943 1979 y

370 2013 550 2100 Segutilum
572 2015 612 2078 ab
635 2014 726 2078 alveo
749 2015 909 2080 diversum
931 2015 963 2079 in
987 2016 1077 2079 alveo
1101 2035 1159 2077 seu
1182 2013 1271 2078 fessa
1292 2015 1391 2077 lavari

284 2134 504 2217 harenamque
531 2132 696 2196 eontinere
714 2140 856 2217 apparet.
900 2134 1006 2219 Atque
1036 2123 1159 2195 alveum
1182 2130 1304 2194 Plinius
1324 2150 1396 2223 nen·
1492 2114 1496 2125 ¹

285 2260 356 2315 erat
378 2271 434 2313 eur
462 2256 740 2331 eemmemeraret,
775 2250 1034 2314 commemoravit
1062 2248 1173 2311 doetus
1205 2247 1259 2310 ille
1293 2248 1389 2310 inter·

283 2337 428 2453 moleton
461 2367 530 2451 ipse
553 2366 725 2450 segutilum
747 2366 900 2431 harenam
923 2367 1023 2430 lavari
1045 2365 1193 2438 narravit.
1228 2344 1339 2448 itaque
1361 2363 1389 2428 B

285 2486 443 2570 scriptura
487 2488 638 2556 (harenae
679 2505 739 2561 aaa
774 2490 914 2560 tuantur)
956 2489 1100 2550 eerreeta
1129 2490 1161 2547 et
1195 2482 1389 2566 glossemate

269 2575 420 2687 ‘expulso
443 2600 616 2686 legendum
637 2622 709 2665 esse
730 2614 864 2667 censeo:¹

327 2760 367 2769 —
389 2724 532 2784 indicium
552 2724 703 2799 herenae,
725 2740 813 2798 quae
834 2726 971 2783 lavatur
993 2719 1047 2783 rel.

695 2872 959 2949 se=ibidem
1208 2961 1213 2976 „
1329 2879 1474 2953 730-32

337 3002 529 3102 Vagantur
552 3004 590 3079 hi
617 3027 793 3080 venarum
817 3004 965 3081 canales
988 3027 1052 3102 per
1066 3002 1181 3078 latera
1199 3011 1391 3102 puteorum

338 3143 376 3211 et
401 3136 475 3213 hue
497 3136 595 3213 illue.

371 3267 499 3333 Scribe:
524 3280 681 3348 puteorum
702 3272 762 3331 leuc
789 3280 818 3347 et
843 3273 923 3334 ittae.
947 3307 984 3318 -
1028 3267 1073 3332 In¹
1088 3268 1116 3351 §.
1140 3268 1182 3336 70
1202 3268 1300 3333 verba
1332 3289 1391 3352 ,ar-

287 3386 397 3469 rugias
418 3384 455 3448 id.
476 3405 578 3470 genus
600 3388 735 3450 voeant‘.
753 3387 787 3449 in
809 3385 992 3470 parenthesi
1026 3385 1213 3450 eelleeanda
1236 3392 1325 3466 suut,
1357 3395 1392 3448 ut

287 3504 438 3588 proxima
466 3502 565 3567 verba
585 3524 658 3568 eum
685 3503 790 3587 priore
812 3523 909 3566 sensu
937 3503 1036 3566 artius
1066 3502 1267 3567 cohaereant.
1310 3503 1393 3566 ltem

288 3621 317 3702 ξ.
330 3585 380 3688 'lt
401 3621 501 3684 verba
522 3621 561 3704 ,si
581 3621 707 3706 longior
731 3661 765 3670 -
789 3619 962 3706 ambitque‘
985 3641 1055 3685 eum
1076 3621 1228 3706 proximis
1251 3621 1393 3704 superle-

288 3738 377 3802 ribus
399 3738 623 3824 eoniungenda
655 3744 751 3824 atque
776 3758 796 3801 a
817 3758 842 3800 v.
887 3736 941 3815 ‚Et
963 3740 1081 3801 tamen‘
1115 3759 1198 3804 nova
1235 3739 1394 3802 sententia

287 3854 445 3919 ordienda
461 3862 520 3919 est.

713 3977 760 4048 72
776 4001 808 4044 ς
825 3928 973 4048 niuem.
1415 3950 1476 4019 733

338 4099 498 4177 Peraete
526 4124 639 4202 opere
655 4104 822 4180 seiviees
841 4104 1023 4181 lernieum
1036 4103 1082 4178 ab
1097 4100 1222 4188 ultime
1243 4104 1391 4194 eadunt

340 4233 406 4307 dat
431 4231 577 4330 signum
602 4236 706 4310 ruina
745 4259 900 4334 eamque
926 4237 1030 4314 selus
1055 4234 1238 4334 intellegit
1273 4238 1308 4310 in
1337 4259 1409 4325 ea-‚

339 4365 487 4442 numine
515 4365 595 4441 eius
614 4368 748 4444 mentis
775 4370 876 4467 vig-il.

374 4498 406 4560 Is
428 4499 549 4562 seilicet
571 4498 677 4584 quiin
700 4521 824 4565 summe
847 4498 955 4566 monte
978 4501 1151 4567 eolleeatus
1174 4508 1224 4566 est
1245 4502 1320 4586 vigil
1342 4503 1397 4566 ubi

289 4615 452 4680 intellexit
472 4616 604 4678 iamiam
625 4616 693 4681 fore
714 4623 751 4681 ut
771 4639 863 4682 mens
886 4627 1033 4701 corruat,
1059 4625 1113 4682 det
1134 4627 1250 4698 siquam
1272 4627 1397 4687 rutilae.

270 4739 273 4744 '
289 4734 405 4818 ltaque

1212 4837 1260 4924 14'
