3700 5625
700 766 792 829 Lites
810 767 945 830 XXXV.
1312 761 1372 831 225

268 959 396 1043 campio
418 957 463 1041 V,
498 956 607 1024 aSill.
628 958 660 1023 K
681 960 876 1045 appellatur,
904 978 945 1025 ex
966 970 1050 1043 oreta
1080 958 1226 1043 scripsit,
1259 958 1373 1023 melius

267 1082 378 1141 tomen
400 1095 418 1138 e
437 1084 521 1140 creto
550 1076 745 1161 scripsisset.
786 1075 871 1143 Nam
904 1096 968 1142 non
1000 1096 1101 1144 novus
1130 1075 1217 1143 color
1248 1081 1374 1161 praeter

268 1193 455 1281 Appianum
476 1193 677 1275 nominetur,
710 1192 810 1281 sed-e
832 1193 958 1260 duobus
987 1194 1119 1259 noviciis
1152 1192 1246 1259 viridi
1273 1192 1374 1257 altero
1469 1208 1474 1214 ’

268 1309 408 1375 candido
417 1310 517 1375 altero
528 1310 711 1395 Appianum
723 1330 742 1377 e
755 1318 844 1375 creta
853 1311 946 1377 viridi
967 1312 1036 1377 fieri
1055 1312 1179 1377 dicitur.
1201 1311 1376 1375 Praeterea

268 1449 347 1492 num
370 1428 549 1511 ,sestertiis‘
575 1448 634 1512 per
655 1448 690 1493 se
715 1429 853 1513 positum
877 1402 1016 1495 sufficiat
1047 1428 1089 1493 ad
1110 1429 1376 1508 aestimationem,
1419 1410 1420 1414 Ἰ

269 1566 368 1631 quum
392 1545 468 1611 alibi
500 1544 588 1609 velut
608 1544 729 1611 XVHI.
752 1546 830 1629 130,
852 1544 988 1611 XXXV.
1011 1548 1051 1614 37
1085 1552 1196 1625 sinpuii
1230 1544 1378 1627 addatur,

269 1663 393 1728 dubito.
438 1662 551 1728 Bamb.
585 1669 692 1726 autem
729 1671 857 1729 sestertii
884 1664 997 1747 habet,
1031 1664 1050 1727 i.
1074 1684 1100 1729 e.
1123 1674 1237 1728 sestert.
1259 1664 1290 1727 Π
1328 1662 1379 1727 vel

267 1786 414 1845 sestertiis
437 1784 524 1845 binis.
1317 1786 1318 1789 ’

706 1866 751 1942 49
780 1892 813 1921 ³
843 1868 938 1954 l,3l.
1186 1870 1188 1873 ¹
1399 1894 1460 1967 771

321 1971 439 2077 Cerae
465 1995 659 2096 tinguntur
683 1996 817 2072 iisdem
840 1995 898 2072 his
938 1994 1125 2074 coloribus
1152 1997 1198 2072 ad
1234 2016 1298 2072 eas
1325 1995 1380 2094 pi-

321 2139 447 2207 cturas
474 2150 570 2227 quae
596 2128 804 2219 inuruntur,
843 2130 966 2210 alieno
1000 2130 1200 2229 parietibus
1238 2149 1379 2227 genere
1449 2218 1452 2233 .

319 2263 392 2341 sed
433 2260 616 2339 classibus
654 2260 966 2353 lambertinus
1004 2284 1093 2341 vero
1128 2268 1165 2338 et
1203 2261 1381 2343 onerariis

322 2394 512 2494 navibus]‚
533 2406 546 2451 .·
565 2394 738 2493 quoniam
764 2401 801 2471 et
837 2394 1003 2495 pericula
1037 2394 1294 2495 expingimus,
1334 2415 1380 2468 ne

322 2528 408 2627 quis
433 2527 584 2604 miretur
607 2533 644 2603 et
668 2550 784 2627 rogos
810 2528 924 2627 pingi,
951 2528 1126 2624 iuvatque
1150 2534 1382 2627 pugnaturos

323 2660 382 2738 ad*
398 2666 556 2739 mortem
582 2667 659 2762 [aut
685 2665 785 2737 certe
813 2660 978 2762 caedem]
1009 2660 1182 2760 speciose
1208 2659 1316 2736 vehi:

356 2792 465 2858 Locus
487 2790 699 2880 interpolatus
728 2800 792 2876 est,
830 2792 927 2878 idque
961 2791 1118 2860 bifariam.
1162 2793 1211 2858 Ac
1245 2791 1382 2878 primum

276 2910 486 3007 quidemqui
508 2909 549 2974 ad
571 2908 704 2974 caedem
730 2910 871 2975 hostium
892 2912 926 2975 in
947 2911 1041 2997 pictis
1070 2909 1205 2976 navibus
1229 2907 1383 2994 pugnant,

270 3021 341 3094 ‘non
365 3026 505 3092 sua‘sed
527 3027 633 3091 aliena
653 3027 796 3112 pericula
816 3029 999 3112 pinxerunt.
1022 3026 1150 3092 Deinde
1172 3027 1247 3113 quia
1260 3045 1383 3111 pugna·

273 3125 347 3210 rum
371 3145 519 3230 pericula·
542 3143 612 3209 sola
633 3151 922 3208 commemorantur
950 3164 1052 3230 eaque
1077 3143 1139 3209 nisi
1166 3144 1199 3207 in
1228 3141 1383 3207 classibus

276 3265 389 3330 locum-
410 3281 475 3327 non
497 3261 633 3346 habent,
669 3283 748 3347 quas
778 3262 863 3327 solas
891 3263 924 3325 in
957 3261 1070 3326 eodem
1101 3262 1251 3346 picturae
1267 3279 1385 3346 genere

277 3381 401 3446 Plinius
412 3380 583 3467 inreliquis
593 3378 673 3444 locis
682 3379 735 3458 (ei.
748 3380 799 3461 37,
811 3379 962 3462 101,.149,
974 3377 1217 3460 xxxiiiiiiii
1232 3379 1386 3459 nominat,

279 3497 487 3586 apparethoc
500 3516 626 3584 quoque
638 3499 893 3562 additamentum
907 3497 1046 3562 hominis
1064 3497 1172 3581 inepte
1196 3495 1280 3560 docti
1304 3516 1385 3563 esse.
1495 3559 1498 3568 ,

520 3705 525 3712 ,
627 3614 631 3626 “
710 3621 965 3707 105=10,3o.
1082 3631 1084 3640 '
1407 3666 1470 3738 772

327 3751 419 3830 Erat
443 3756 532 3825 tunc
557 3745 794 3848 Protogenes
834 3747 871 3824 in
898 3749 1110 3826 suburbano
1137 3755 1205 3824 ¹suo
1238 3745 1386 3825 hortulo

331 3885 419 3984 [hoc
456 3887 513 3958 est
548 3881 723 3991 Demetrii
761 3883 921 3978 cestr·is]‚
969 3863 1091 3980 neque
1133 3877 1388 3982 interpellatus

325 4014 682 4126 proeliisinchoata
708 4039 822 4116 opera
846 4015 1041 4093 intermisit
1065 4014 1131 4091 rel.

367 4140 471 4214 Pudet
491 4168 543 4212 me
564 4168 630 4212 non
651 4148 853 4214 mediocriter
879 4115 1114 4234 ineptissimum
1136 4118 1389 4212 additamentum

279 4247 659 4334 cum⁵ohrestomathiam
683 4266 811 4331 ederem
835 4287 854 4329 a
876 4285 927 4329 me
949 4287 1013 4329 non
1036 4285 1108 4330 esse
1122 4263 1388 4340 animadversum.

1634 4004 1647 4040 t

280 4385 366 4451 Nam
387 4379 492 4470 neque
514 4392 640 4468 tempus
662 4405 816 4469 praesens
838 4386 882 4448 est
909 4383 985 4447 ferri
1007 4387 1113 4469 potest
1134 4403 1238 4468 neque
1261 4365 1389 4446 omnino

281 4502 314 4569 in
330 4504 445 4569 castris
458 4501 614 4566 Demetrii
630 4501 690 4565 'sed
706 4504 738 4565 in
754 4493 941 4567 suburbano
958 4501 1097 4588 quodam
1112 4499 1257 4564 aedilicio
1273 4497 1390 4584 pictam

280 4621 383 4689 fuisse
404 4639 425 4684 a
445 4619 630 4705 Protogene
652 4619 961 4702 tabulamtraditur,
984 4619 1070 4705 quod
1097 4619 1127 4683 vi
1155 4625 1187 4682 et
1209 4617 1305 4681 armis
1333 4635 1391 4680 rex

283 4739 533 4826 expugnaverit,
555 4738 594 4803 cf.
616 4738 700 4803 Plut.
722 4737 865 4807 Demetr.
885 4739 935 4806 22
1015 4774 1018 4790 ι

1196 4855 1236 4922 15
