3700 5625
726 735 896 820 111911.
1173 813 1175 818 .
1301 755 1362 824 101

340 946 387 1013 Ut
408 968 429 1012 a
450 949 628 1016 minoribus
649 949 743 1016 huius
769 951 831 1015 loai
857 949 944 1015 vitiis
966 949 1088 1033 ordiar,
1109 945 1193 1016 bene
1213 951 1311 1021 Ianus
1332 975 1362 1019 v.

266 1074 322 1145 sae
341 1068 599 1154 interpunctione
628 1076 754 1134 mutata
776 1089 848 1133 aum
876 1067 1028 1154 proximis
1057 1067 1162 1134 verbis
1184 1069 1362 1154 coniunxit3

265 1187 372 1282 uellem
393 1185 544 1253 Latinam
576 1187 834 1253 terminationem
854 1185 960 1250 Plinio
982 1184 1362 1274 eaodioibus'reddidis·

267 1313 318 1370 set.
358 1303 447 1369 Nihil
485 1305 569 1369 enim
589 1305 674 1369 inter
708 1304 874 1390 lapathum
905 1311 938 1368 et
972 1304 1202 1390 oxylapathum
1234 1305 1268 1368 in
1301 1304 1363 1371 hoo

267 1422 386 1508 quidem
418 1442 538 1508 genere
560 1423 703 1488 interest.
746 1423 816 1489 Hoe
838 1441 964 1508 quoque
995 1423 1098 1488 levius
1125 1423 1280 1510 estquod
1303 1422 1363 1487 sil-

267 1542 353 1626 ligina
376 1533 622 1622 animadvertit,
659 1561 700 1605 ex
722 1541 851 1626 Apuleii
881 1540 953 1604 loeo
975 1561 1004 1605 v.
1025 1545 1122 1604 sativo
1154 1541 1280 1606 restitui
1307 1541 1362 1606 de·

268 1659 346 1724 bere.
387 1658 452 1734 Qui
473 1636 728 1745 anum'aaporem
753 1648 853 1724 sauuu
869 1665 1041 1739 proximum
1055 1661 1379 1744 commemoraverit

267 1775 346 1841 haud
368 1751 466 1841 duhie
494 1775 696 1842 scribendum
723 1784 773 1843 est
800 1797 912 1858 sapore
938 1781 1032 1854 sativa
1057 1785 1237 1857 prozimum.
1283 1777 1363 1843 Gra·

268 1897 348 1959 viora
368 1893 489 1959 menda
508 1894 624 1979 partim
645 1891 731 1958 idem
753 1895 910 1979 Apuleius
932 1894 1045 1980 prodit.
1089 1895 1255 1962 Meliorem
1277 1897 1363 1961 enim

266 2013 401 2077 ordinem
423 2011 509 2076 hune
531 2011 620 2076 dedit
641 2012 709 2075 ille:
730 2019 885 2091 lappatum
904 2017 1041 2078 siluestre
1062 2020 1200 2078 aaalltda
1221 2036 1239 2078 a
1262 2021 1360 2095 (ppo)

209 2106 210 2161 i
265 2137 353 2196 uestri
371 2137 525 2195 ramicum.
547 2137 660 2194 aliaaut
679 2135 823 2194 tertuum.
867 2130 1059 2196 Necessario
1082 2134 1166 2196 enim
1184 2151 1266 2218 quae
1288 2138 1362 2218 post

209 2259 210 2311 ἐ
265 2270 291 2312 v.
310 2255 427 2313 mauma
445 2254 707 2334 sequunturpost
722 2271 750 2313 v.
767 2251 1119 2327 appeltautoollaoanda
1135 2257 1217 2316 eunt.
1241 2249 1362 2315 Verum
1421 2296 1424 2302 -
1511 2253 1513 2259 '

209 2364 210 2405 Τ
265 2386 303 2429 ne
322 2367 365 2430 sia
387 2364 517 2452 quidem
538 2372 625 2430 reate
646 2364 791 2450 procedit
814 2368 927 2449 oratio,
950 2368 1085 2432 molesta
1101 2367 1230 2433 rumiais
1252 2367 1361 2451 appel·

264 2483 376 2548 latione
397 2485 584 2568 interrupta.
626 2478 795 2547 Rumiaem
812 2491 919 2548 autem
943 2506 1007 2549 non
1031 2484 1176 2549 silvestre
1197 2483 1361 2570 lapathum
1410 2471 1412 2475 ⁸

265 2599 318 2664 sed
337 2601 475 2668 sativum
497 2601 605 2665 vooari
625 2601 746 2664 Plinius
768 2602 837 2685 ipse
858 2599 948 2667 XIX.
974 2601 1033 2668 184
1058 2590 1245 2666 tradiderat
1268 2601 1362 2676 Quod

266 2739 374 2782 nomen
397 2739 495 2804 quum
517 2739 537 2782 a
558 2719 764 2804 grammatico
791 2719 846 2782 illo
869 2719 1060 2803 semidocta,
1089 2741 1184 2806 quem
1204 2721 1268 2784 iam
1291 2739 1361 2784 sae·

209 2876 211 2880 >
265 2836 329 2921 pius
358 2838 565 2922 interpretem
599 2857 664 2901 non
692 2811 836 2902 arideum
870 2838 973 2902 solum
1007 2840 1112 2923 egisse
1144 2820 1309 2921 vidimus,¹
1329 2839 1363 2902 in

209 2964 212 3000 ὲ
265 2953 401 3038 margine
428 2951 624 3039 adseriptum
652 2963 754 3038 esset,
789 2956 823 3018 in
852 2976 890 3019 eo
919 2955 1085 3041 exemplo,
1122 2955 1208 3021 unde
1236 2954 1362 3055 codices
1417 2935 1420 2941 ’

209 3113 212 3118 ,
265 3071 357 3135 nostri
373 3068 505 3136 alterius
526 3070 667 3166 familiae
689 3073 843 3157 originem
866 3073 1036 3154 duxerunt,
1057 3073 1128 3137 loeo
1145 3080 1363 3159 praepostero,

266 3187 295 3251 in
313 3208 360 3272 eo,
382 3187 469 3275 quod
489 3188 645 3273 Apuleius
658 3197 787 3254 seautus
810 3196 868 3272 est,
886 3168 980 3254 reato
993 3190 1076 3255 inter
1089 3188 1250 3275 scriptoris
1264 3186 1364 3253 verba

267 3312 423 3390 reoeptnm
444 3311 503 3370 est.
546 3305 696 3392 Sequitur
725 3308 810 3370 aliud
832 3308 960 3391 vitium,
988 3308 1021 3371 in
1054 3306 1163 3371 oodioe
1190 3312 1362 3392 personato

209 3468 211 3472 ψ
268 3420 350 3486 llea
371 3442 468 3508 quam
490 3422 557 3517 Sill.
575 3430 608 3486 et
628 3423 726 3488 Ianus
747 3426 939 3511 probarunt,
961 3424 1207 3509 interpolatione
1232 3428 1362 3505 tentum,

209 3569 210 3574 1
269 3539 343 3622 quod
364 3538 524 3624 quomodo
545 3539 720 3604 tollendum
743 3542 793 3624 sit,
815 3544 880 3606 iam
894 3541 1092 3606 Dioscuridis
1114 3542 1219 3606 verbis
1241 3538 1362 3605 iudiea-

269 3661 318 3720 tur.
340 3655 404 3730 Qui
415 3676 511 3741 quum
522 3656 564 3721 Π.
576 3659 637 3727 140
647 3656 798 3723 hortense
809 3659 975 3745 lapathum
989 3658 1153 3745 apalustri
1170 3656 1363 3744 oxylapatho

271 3769 420 3836 diversum
442 3794 514 3838 esse
536 3762 704 3839 tradiderit
723 3776 774 3840 his
795 3776 900 3841 verbis
927 3778 965 3842 τὸ
989 3777 1027 3843 δέ
1053 3802 1086 3842 τι
1113 3778 1277 3862 κηπευτὸν
1303 3772 1364 3857 οὐχ

271 3886 377 3971 ὅμοιον
398 3872 449 3979 τῷ·
464 3891 597 3980 πρώτῳ,
619 3890 673 3977 qui
693 3893 824 3958 tandem
845 3894 913 3958 fieri
926 3900 1034 3979 potest
1054 3898 1090 3957 ut
1111 3892 1196 3959 idem
1218 3914 1238 3956 a
1258 3892 1363 3957 Plinio

272 4007 388 4072 oxalide
417 4007 515 4072 etiam
537 4008 670 4073 similius
692 4011 891 4097 appelletur?
934 4017 1038 4075 Satiuo
1070 4016 1146 4075 idem
1179 4015 1304 4075 similius
1331 4008 1364 4073 in

273 4123 330 4187 aad.
353 4144 382 4205 a,
404 4131 501 4189 sativo
524 4133 589 4189 item
610 4133 734 4192 rimulae
754 4128 787 4192 in
810 4127 902 4193 aodd.
926 4127 1033 4223 VTd
1046 4128 1170 4209 dieitur,
1193 4124 1364 4191 dicendum

273 4248 331 4305 erat
355 4248 445 4306 sativi
467 4248 648 4308 dissimilius.
690 4245 839 4332 Denique
865 4246 979 4311 ultima
1005 4246 1104 4310 verba
1134 4244 1220 4309 idem
1241 4244 1272 4308 K
1295 4264 1363 4309 oar·
1398 4243 1415 4318 ,’
1443 4276 1447 4282 ·

273 4360 359 4442 rupit:
381 4371 410 4422 et
431 4368 570 4425 acutiora
586 4366 665 4437 folia
686 4383 724 4425 aa
744 4369 883 4426 rubriore
905 4364 975 4428 aad.
1000 4363 1039 4446 V,
1065 4402 1102 4417 -
1125 4368 1251 4427 radiare
1273 4362 1364 4447 Apu-

274 4472 343 4539 leius
363 4475 476 4560 habet,
503 4477 588 4542 unde
609 4487 697 4543 19919
721 4479 861 4565 Silligius
889 4480 966 4566 quid
988 4481 1108 4545 Plinius
1132 4478 1296 4564 scripsisse
1319 4478 1364 4543 vi-

209 4655 210 4659 ,
276 4589 376 4658 deatur
396 4596 533 4681 collegit.
576 4595 697 4661 Looum
718 4593 954 4682 igitur-misere
975 4596 1118 4660 habitum
1148 4597 1193 4661 sie
1214 4596 1363 4660 restituo:

308 4730 330 4774 e.
357 4733 384 4774 a.
414 4733 439 4776 e.
467 4735 492 4777 a.
520 4735 547 4793 q.
576 4735 605 4778 a.
634 4734 662 4777 o.
692 4721 860 4796 appellunt,
892 4720 945 4778 alii
971 4718 1123 4795 lapathum
1150 4718 1365 4792 cantherinum,
