3700 5625
687 595 789 665 lider
810 599 922 669 Vm.
1315 605 1377 672 147

347 783 462 848 Verba
489 797 526 852 ut
553 783 652 873 volgo
681 785 836 870 leguntur
865 786 1031 873 explicari
1056 807 1122 853 uon
1148 808 1253 874 posse
1282 802 1379 858 recte

270 898 408 986 Silligius
432 903 669 969 animadvertit
691 915 723 970 et
744 902 899 970 lacunam
920 903 1000 971 loco
1020 907 1135 972 inesse
1150 920 1257 992 putat,
1280 927 1378 996 quam

269 1019 370 1086 deleto
398 1021 569 1090 vocabulo
593 1021 630 1086 id
655 1041 676 1088 a
703 1021 803 1094 codd.
828 1021 884 1088 Rd
910 1041 995 1089 sanc
1022 1021 1131 1092 alieno
1164 1025 1210 1090 ita
1239 1024 1379 1112 explere

269 1152 418 1208 curratur:
446 1151 576 1243 „utpote
598 1141 636 1206 od
658 1142 767 1207 sucini
786 1141 1033 1206 similitudinem
1063 1140 1140 1206 duic
1161 1153 1378 1229 comparatos,

267 1261 375 1324 socium
394 1262 492 1326 rei.“.
515 1261 560 1325 At
573 1281 656 1326 vero
680 1263 792 1347 inepte
813 1259 964 1327 sucinum
981 1263 1034 1326 bis
1057 1262 1175 1326 eodem
1198 1263 1377 1330 verborum

269 1389 379 1445 tenore
410 1382 594 1460 nominari,
629 1379 735 1448 semel
767 1401 854 1446 voce
887 1379 965 1443 duic
997 1380 1138 1446 iudicari
1167 1381 1378 1449 manifestum

268 1509 323 1567 est.
367 1499 488 1586 Neque
513 1501 602 1586 qnod
624 1497 862 1585 Dalecampius
885 1500 1045 1565 comecitt
1066 1500 1379 1589 „suenum-proat-

268 1623 353 1680 anu‘
375 1616 458 1684 l'erri
479 1615 546 1684 ulio
570 1619 668 1684 modo
689 1627 818 1703 potest,
841 1637 917 1682 nam
938 1637 1004 1682 non
1027 1630 1209 1704 propterea
1225 1620 1378 1687 sucinum

268 1735 307 1799 ita
329 1735 488 1824 generari
510 1737 731 1823 prodebatur,
759 1738 913 1824 quoniam
934 1737 1122 1824 lyncurium
1144 1759 1186 1805 eo
1208 1741 1308 1807 modo
1331 1743 1381 1829 gi·

268 1857 437 1939 gocbatur.
486 1854 570 1921 Levi
593 1855 857 1940 transpositione
880 1857 1053 1922 sanandus
1074 1866 1129 1922 est
1146 1858 1253 1925 locus.
1304 1859 1380 1926 lioc

269 1971 340 2036 dicit
353 1971 489 2053 Plinius,
511 1973 589 2060 quie
606 1993 625 2038 e
638 1973 773 2058 lyncum
787 1973 884 2037 urina
898 1992 1052 2058 gemmae
1065 1974 1225 2056 oriantur,
1240 1979 1378 2046 averno

268 2088 366 2176 οὐρεῖν
385 2091 588 2179 λυγγούριον
610 2089 787 2176 appellati,
801 2090 843 2156 cs.
857 2089 1031 2157 XXXVII.
1043 2090 1097 2156 34.
1109 2103 1143 2158 ei
1153 2088 1378 2178 Theophrasi.

270 2205 313 2274 ile
323 2207 423 2294 lapid
438 2208 491 2294 28,
516 2209 649 2296 fragm.
666 2207 716 2274 15.
734 2231 764 2293 p.
776 2205 849 2273 835.
871 2209 922 2274 ed.
934 2209 1142 2288 Schneider,
1161 2209 1379 2279 Dioscorides

268 2327 314 2394 De
332 2338 413 2394 mat.
441 2329 528 2394 med.
552 2329 588 2394 ll.
605 2328 658 2394 90.
699 2328 923 2394 scribendum
951 2339 1006 2394 est
1027 2329 1147 2414 igitur:

303 2486 344 2500 -
359 2444 524 2539 fuiqentes
545 2453 667 2541 atque
688 2444 735 2510 od
754 2445 796 2510 id
818 2445 1005 2532 lyncurium
1026 2453 1170 2527 metm,
1188 2451 1303 2513 meino
1319 2449 1378 2515 rel.

347 2599 583 2688 §.152.verba
604 2596 727 2663 Badies
744 2617 864 2662 canam
883 2596 964 2662 sirio
981 2597 1120 2662 ardente
1140 2597 1266 2664 donnini
1280 2603 1378 2688 pesti-

267 2715 352 2805 fero,
382 2727 421 2782 at
442 2717 607 2797 diximus,
634 2716 682 2780 ito
705 2715 821 2782 morsis
849 2715 942 2780 letali
968 2738 1076 2806 aquae
1102 2726 1191 2782 metu
1215 2721 1377 2788 immerito

269 2841 433 2909 lacessivit
444 2840 603 2905 Osanuus
616 2834 731 2903 Philoi.
743 2836 813 2903 Vll.
827 2858 858 2923 p.
870 2834 945 2920 396,
968 2837 1023 2923 qui
1037 2836 1137 2903 debili
1159 2837 1377 2906 fundamento

271 2960 375 3025 Veteri
398 2958 444 3024 illi
466 2955 691 3041 Dalecampii,
720 2954 762 3019 de
785 2975 851 3041 quo
873 2952 940 3018 iarn
962 2975 1068 3039 supra
1089 2978 1121 3039 p.
1132 2952 1185 3022 87.
1205 2956 1250 3021 al.
1273 2957 1377 3024 locuti

270 3101 394 3161 sumus,
427 3078 561 3143 innixos
588 3075 640 3139 iro
670 3085 704 3139 et
724 3074 792 3169 iam·
811 3095 853 3138 ex
876 3074 952 3138 edit.
974 3073 1161 3154 Parmensi,
1184 3086 1220 3139 ut
1234 3075 1377 3152 videtur,

271 3219 348 3283 quae
377 3198 409 3263 in
436 3195 581 3281 exempli
607 3192 716 3280 Lugd.
746 3192 896 3279 margine
926 3194 1064 3273 citatur,
1094 3192 1201 3259 letalis
1228 3196 1377 3289 scripsit,

272 3318 381 3384 deinde
412 3338 486 3383 curn
516 3316 635 3381 eodem
656 3312 867 3399 Dalecampii
892 3314 1020 3379 Vetere
1048 3314 1169 3380 codice
1197 3316 1378 3382 verborum

273 3438 412 3502 ordinem
441 3438 488 3501 ita
515 3435 704 3500 mutandum
733 3454 812 3500 csse
840 3434 1023 3500 arbitratus
1048 3446 1118 3520 est,
1146 3445 1182 3500 ut
1208 3433 1314 3503 verba
1341 3447 1381 3502 ut

273 3552 407 3619 diximus
436 3554 547 3619 statim
579 3563 657 3637 post
687 3550 825 3615 ardente
855 3563 1050 3637 sequautur.
1112 3550 1237 3621 Verum
1264 3576 1284 3622 e
1311 3572 1379 3622 tne-

274 3674 371 3739 moria
391 3670 615 3759 negligentius
636 3668 673 3735 ll.
686 3668 755 3735 107.
777 3668 901 3735 Plinius
922 3667 1081 3755 laudavit,
1103 3669 1159 3735 ubi
1182 3692 1286 3740 canes
1307 3684 1379 3741 toto

273 3812 308 3859 eo
329 3794 437 3879 spatio
459 3791 493 3856 iu
513 3790 639 3854 rabiem
660 3786 716 3876 agi
737 3786 886 3866 dixerat,
915 3788 957 3853 de
978 3786 1113 3853 homine
1133 3788 1216 3854 nihil
1237 3792 1379 3857 addide-

274 3922 328 3990 rat,
347 3930 445 3996 quem
461 3919 573 3973 tanuen
587 3903 763 3971 insanabili
780 3926 893 3970 morsu
907 3925 929 3969 a
944 3905 1083 3971 cauibrm
1106 3905 1175 3991 peti
1191 3902 1256 3970 alia
1273 3927 1379 3974 causa

273 4028 301 4093 iu
320 4030 444 4094 rabiem
468 4026 554 4090 actis
579 4022 713 4089 tradidit
734 4018 802 4089 Vll.
812 4020 864 4087 64.
896 4020 1040 4110 Reliqua
1053 4022 1228 4091 Gesnerus
1241 4022 1378 4095 Chrest.

274 4169 301 4231 p.
310 4146 378 4213 351.
397 4146 521 4231 optime
544 4144 589 4207 ita
613 4140 787 4227 explicuit:
816 4140 865 4221 „i
881 4161 909 4206 e.
932 4164 1006 4207 curn
1029 4144 1151 4210 morsis
1173 4164 1194 4210 a
1216 4166 1303 4213 caue
1325 4166 1380 4215 ra·

274 4268 359 4336 bioso
379 4264 492 4335 letalis
513 4264 557 4330 sit
579 4282 689 4351 aquae
712 4262 853 4328 metus“.

688 4384 960 4525 tamtam.

347 4586 427 4652 Post
440 4584 548 4650 verba
566 4582 689 4667 „nitati
706 4600 794 4669 equo
810 4579 947 4646 Corace
963 4572 1189 4667 aucupavere,
1205 4583 1379 4667 prinam

1106 4699 1172 4763 10·

1398 4455 1460 4522 185
