3700 5625
463 576 509 647 tt
895 574 1116 647 'udam

549 762 621 830 Lib.
637 762 761 833 liutto.
782 761 961 831 melchae
983 762 1105 831 referri
1132 764 1178 831 ab.
1196 760 1371 833 Harduino
1396 774 1492 833 recte
1512 768 1580 835 aui-

466 882 728 951 madvertitSill.
750 883 844 968 (nam
863 883 909 951 ibi
931 883 974 950 de
995 881 1169 950 latitudine
1179 881 1389 969 Hellesponti
1410 883 1491 952 nibil
1513 895 1581 953 tra·

468 1002 583 1088 ditur).
618 1003 696 1088 ipae
716 1022 919 1090 veroquam
940 1001 1050 1069 locum
1072 1001 1199 1069 lroatre
1221 1014 1412 1089 quaereret,
1435 1004 1492 1071 ubi
1514 1004 1583 1072 tale
1669 1062 1670 1079 ,

467 1120 593 1209 aliquid
609 1121 732 1187 dictum
755 1130 866 1205 eaaet,
889 1130 949 1187 out
968 1123 1149 1189 memoriae
1171 1120 1303 1209 lapsum
1324 1122 1501 1207 scriptoria
1525 1134 1583 1191 aut

467 1237 623 1307 lacunam
640 1239 785 1325 aliquam
805 1238 999 1325 auspicatus
1020 1250 1082 1307 eat.
1126 1238 1172 1307 m
1194 1259 1277 1307 vero
1299 1239 1465 1307 invenimr
1483 1240 1585 1310 locua

469 1378 567 1447 quem
587 1359 620 1425 in
643 1368 754 1424 mente
772 1358 889 1425 habuit
907 1360 1056 1447 scriptor
1076 1358 1108 1448 ᾖ.
1120 1356 1171 1425 m.
1205 1356 1418 1433 Describitur
1438 1358 1484 1428 ibi
1503 1360 1585 1429 Hel·

468 1475 647 1563 leepoutua
665 1477 722 1545 hia
743 1479 879 1559 verbim·
892 1479 970 1545 V11
980 1478 1175 1559 stadiorum,
1196 1486 1235 1543 att
1254 1477 1378 1543 dictam
1399 1486 1458 1559 eet,
1481 1477 1585 1545 inter·

469 1596 557 1661 codo
578 1594 748 1685 Europam
770 1594 927 1685 auserem
946 1598 1059 1662 Asiae.
1103 1598 1173 1663 lam
1186 1618 1297 1685 =quum
1317 1595 1373 1663 illo
1392 1596 1473 1665 looo
1493 1597 1587 1667 huuc

469 1725 621 1783 nostrum
640 1714 771 1795 laudet,
799 1717 857 1782 ubl
877 1717 975 1782 iatam
995 1734 1187 1782 mensuram
1210 1716 1402 1801 tradiderit,
1421 1714 1478 1782 hio
1499 1736 1587 1787 vero

469 1831 537 1901 alio
553 1832 630 1903 loco
650 1836 873 1903 eandemaae
889 1835 1044 1902 traditum
1067 1834 1106 1901 iri
1118 1844 1249 1901 narret:
1271 1832 1450 1902 manifesto
1463 1836 1587 1905 horum

469 1952 623 2021 locorum
637 1954 734 2020 altar
757 1955 801 2021 ad
823 1952 964 2023 ultorum
985 1956 1140 2041 pertinet.
1191 1952 1240 2019 At
1263 1964 1331 2019 nou
1351 1972 1392 2021 ee
1418 1954 1586 2025 dicturum

470 2089 562 2157 ease,
581 2072 644 2139 aed
668 2072 795 2140 dixisse
812 2073 882 2140 alti
905 2074 1050 2141 Minime.
1076 2074 1202 2139 Nostro
1222 2072 1309 2137 euim
1327 2071 1405 2139 loco
1426 2073 1589 2143 facillima

469 2192 652 2258 mutatione
674 2210 694 2256 e
715 2190 861 2266 &mnino
882 2191 1025 2258 efficitur
1045 2190 1206 2255 dicamne:
1236 2210 1347 2277 neque
1369 2192 1456 2257 enim
1475 2194 1522 2259 ad
1544 2215 1588 2262 ea

470 2306 598 2374 tentum
619 2327 708 2394 quae
731 2309 797 2374 iam
823 2309 987 2395 explicuit
1015 2311 1178 2376 lectorem
1199 2309 1312 2375 redire
1330 2308 1425 2377 iub'et
1447 2310 1588 2394 Plinius,

471 2424 535 2490 aed
556 2424 721 2493 interdum
748 2446 791 2493 ca
818 2448 952 2515 quoquc
975 2428 1183 2495 demonstrat
1209 2447 1297 2513 quae
1323 2427 1502 2517 aliquando
1534 2444 1591 2499 est

472 2540 714 2631 explicaturus,
733 2545 776 2613 cf.
788 2545 846 2615 v1.
855 2544 899 2611 28
907 2544 961 2614 cll.
970 2546 1024 2612 36.
1068 2546 1260 2613 Simillimua
1282 2558 1336 2617 eat
1358 2548 1455 2616 locus
1477 2550 1522 2616 V.
1532 2550 1590 2633 10,

470 2661 528 2727 ubi
549 2662 591 2727 de
613 2673 726 2731 moute
746 2663 893 2753 loquitur
913 2684 1013 2751 quem
1022 2674 1144 2751 postca
1159 2668 1214 2733 Vl.
1224 2667 1292 2733 197.
1313 2669 1591 2762 accuratioade-

471 2781 634 2869 scriptum
654 2783 694 2850 iri
715 2782 853 2852 indicat.
902 2783 992 2890 Dicit
1011 2784 1116 2852 enimt
1147 2784 1188 2852 al
1212 2808 1249 2852 eo
1271 2796 1396 2853 monica
1415 2794 1592 2876 perpetuen

471 2921 576 2997 utpute
595 2902 641 2967 ad
660 2923 736 2968 euna
756 2924 852 2999 quem
875 2903 988 2970 Theon
1009 2903 1143 2970 oclnemo
1162 2904 1320 2975 dicemus.
1348 2905 1397 2972 lbi
1418 2906 1528 2974 codex
1549 2919 1590 2986 θ,

474 3017 722 3104 chiffletianus,
746 3022 886 3088 dicimus
906 3024 1068 3109 seriptum
1091 3022 1238 3105 exhibet,
1260 3035 1362 3112 etque
1382 3024 1434 3090 cic
1452 3043 1591 3111 qaoque

473 3138 508 3204 in
529 3139 717 3228 archetypo
738 3143 857 3212 codice
887 3165 952 3230 per
973 3163 1122 3210 errorem
1144 3153 1317 3209 exaratum
1338 3153 1428 3209 crate
1450 3152 1589 3228 tuumne,

472 3259 744 3349 irequeutiseima
764 3262 949 3331 litterarum
970 3263 985 3328 l
1007 3276 1040 3330 ct
1060 3262 1088 3328 E
1112 3261 1328 3349 confusione,
1350 3263 1440 3330 uude
1459 3260 1590 3330 factem

474 3391 528 3449 eet
545 3382 580 3447 iu
601 3402 655 3461 eo,
675 3384 766 3448 uude
787 3393 905 3449 nostra
926 3379 1081 3466 exempla
1103 3381 1204 3448 dueta
1224 3392 1320 3468 aunt,
1341 3381 1495 3448 diximus.
1531 3381 1590 3449 Si·

473 3499 541 3566 mili
561 3499 692 3566 ratione
703 3501 743 3570 11.
751 3500 803 3567 66.
825 3523 887 3586 pro
910 3499 1056 3564 diximeoe
1073 3498 1108 3564 in
1131 3500 1230 3568 codd
1245 3499 1327 3566 ll'l’d
1347 3502 1485 3568 ἀίοὑηω
1505 3501 1591 3568 sori·

473 3627 567 3704 ptum
584 3617 761 3704 reperitur.
803 3619 1000 3705 Legendum
1023 3628 1075 3684 est
1095 3617 1210 3702 igitur:

579 3752 627 3818 m
646 3753 890 3844 Hellespontus,
918 3753 1009 3836 VII,
1029 3762 1069 3820 at
1089 3754 1276 3836 dicerene,
1299 3753 1417 3821 studiis
1436 3753 1501 3823 rel.

472 3889 504 3973 §.
515 3887 568 3956 51.
589 3889 695 3955 verba
718 3911 803 3988 quae
824 3893 872 3957 ita
892 3888 1034 3958 Graecia
1061 3891 1246 3981 appellatur
1272 3891 1315 3958 ab
1342 3887 1589 3980 interpolatore

473 4007 609 4077 adiecto
630 4009 825 4096 putaverim.

416 4150 460 4224 77
811 4163 814 4168 ’
853 4179 859 4200 ι
904 4129 1155 4227 52:12,19·

526 4279 639 4360 (iircu
657 4303 738 4358 eum
766 4232 1027 4386 (Corcyram)
1053 4284 1192 4386 aliquot
1218 4285 1422 4385 (inediae),
1445 4282 1514 4361 aed
1540 4282 1588 4361 ad

526 4416 670 4496 Italiam
690 4441 849 4520 vergeue
869 4420 1105 4518 Thoroum,
1131 4419 1178 4500 ad
1204 4419 1434 4500 Leucadium
1456 4421 1587 4500 Paxoe

526 4553 623 4632 duae
648 4561 712 4631 rel.
