3700 5625
713 763 802 826 aaa
822 760 916 825 mr.
1322 750 1364 828 te

345 961 394 1024 Ita
411 958 509 1044 vulgo
528 957 645 1044 legitur
672 954 901 1022 eDioscoride
922 957 962 1022 II.
988 955 1061 1023 138:
1103 961 1136 1020 at
1163 970 1238 1019 vero
1267 951 1364 1039 longe

279 1075 350 1140 eliud
370 1095 488 1141 nornen
510 1075 543 1139 in
565 1073 710 1139 codicum
732 1075 914 1159 corruptela
938 1079 1060 1139 alterata
1082 1095 1102 1139 a
1124 1093 1157 1157 e,
1180 1075 1299 1137 alteram
1324 1074 1363 1152 Θ,

280 1214 364 1256 raam
385 1193 413 1257 Τ
435 1192 456 1256 d
477 1193 567 1276 latet,
589 1212 654 1256 non
677 1195 801 1256 clerica
821 1191 842 1256 1.
866 1211 893 1257 e.
908 1198 1055 1281 χηρείαν,
1081 1189 1166 1276 quod
1187 1191 1283 1254 Ianus
1307 1185 1364 1252 ‹ln-

279 1310 401 1374 bitauter
421 1309 598 1397 proposuit,
621 1309 679 1373 sed
701 1316 812 1374 cerain.
834 1308 961 1396 Quippe
983 1309 1110 1373 disertis
1132 1307 1237 1374 verbis
1259 1305 1363 1371 Theo·

276 1425 411 1511 phraates
432 1425 491 1492 IX.
514 1428 562 1493 15.
585 1427 605 1494 5
627 1427 771 1491 nominat
788 1425 831 1512 ἣν
852 1423 974 1494 ἐκεῖνοι
992 1427 1054 1512 μὲν
1068 1422 1224 1512 ῥάφανον
1245 1421 1365 1513 ἀγρίαν

277 1545 400 1610 καλοῦσι
419 1549 486 1610 τῶν
508 1541 664 1631 δ’ἷατρῶν
683 1565 769 1620 τινες
793 1542 918 1631 amara,

705 1749 754 1823 81
764 1778 809 1810 =
826 1749 922 1835 536.
1386 1737 1448 1810 399

315 1931 361 1944 -
384 1881 542 1964 Manium
561 1885 707 1964 Curium
725 1887 982 1988 imperatorem
1002 1908 1123 1986 quem,
1150 1883 1364 1963 Samnitium

317 2019 446 2121 legatis
472 2043 599 2096 aarum
625 2020 861 2119 repudiaturo
888 2018 1141 2112 afferentibus,
1178 2042 1266 2120 rapa
1290 2026 1365 2097 tor-

213 2174 214 2237 1
315 2161 452 2231 rentem
477 2153 515 2230 in
541 2152 626 2232 foco
645 2154 836 2229 inventum
850 2149 1003 2229 annales
1021 2152 1135 2230 nostri
1153 2151 1363 2252 prodidere.

340 2286 480 2351 -Prorsus
507 2307 572 2350 non
593 2284 754 2368 intelligo,
788 2284 864 2370 quid
887 2285 1045 2370 Silligium
1066 2285 1226 2370 impulerit
1252 2291 1288 2348 ut
1309 2305 1365 2370 op·

213 2409 214 2481 l
274 2403 373 2468 timam
396 2422 625 2488 vocemquam
650 2403 683 2466 iu
704 2402 848 2487 margine
875 2403 1055 2484 annotavit,
1084 2403 1117 2467 in
1138 2402 1234 2466 Plinii
1255 2421 1364 2468 narra·

213 2498 214 2509 ¹
273 2521 382 2585 tionem
403 2542 467 2585 non
491 2521 662 2606 reciperet:
698 2519 1365 2606 hospitiumdico,quamipsam(aD1c

213 2662 214 2667 ¹
273 2638 433 2716 exhibent,
460 2638 574 2703 leviter
594 2636 657 2701 Τά
687 2638 721 2701 in
752 2642 913 2721 hospitam,
947 2638 1023 2701 ain
1056 2642 1202 2720 hospitio,
1236 2638 1364 2722 gravius

274 2755 349 2841 quod
369 2756 493 2821 mireris
514 2755 561 2819 D²
582 2755 615 2820 iu
638 2759 677 2819 ct
699 2759 828 2821 hostiam
849 2762 1067 2841 corruperunt.
1089 2756 1146 2819 llla
1167 2756 1252 2821 enim
1275 2774 1364 2840 voce,

274 2893 358 2958 quam
379 2875 477 2938 etiam
493 2873 591 2938 Ianus
613 2873 770 2959 neglexit,
808 2879 882 2937 ante
904 2895 933 2938 v.
955 2878 1153 2953 repudiaturo
1180 2875 1303 2939 ineerta
1324 2872 1365 2938 ad

273 3008 367 3052 rerum
389 3009 515 3075 quoque
550 2990 737 3055 memoriam
765 2989 885 3076 aliquid
907 2990 1027 3069 addere
1061 2990 1179 3057 licebit.
1222 2993 1366 3087 Apparet

274 3106 349 3170 enim
370 3106 487 3172 Curius
517 3129 614 3194 quum
637 3107 827 3173 Samnitium
864 3107 1025 3194 quondam
1046 3107 1185 3173 hostium
1212 3114 1280 3173 tum
1301 3108 1366 3172 iam

274 3222 441 3309 clientium,
469 3232 505 3289 ut
528 3224 692 3293 Ciceronis
714 3226 810 3291 dere
830 3225 920 3311 publ.
942 3227 994 3293 111.
1016 3226 1065 3293 28.
1087 3225 1129 3291 40
1154 3225 1259 3291 verbis
1282 3232 1365 3308 utar,
1424 3225 1430 3235 '

273 3339 386 3426 legatos
408 3343 571 3428 exciperet
592 3343 625 3407 in
647 3364 688 3438 eo
706 3342 806 3407 fuisse
834 3349 870 3407 ut
890 3343 1064 3429 hospitium
1085 3343 1124 3407 iis
1145 3342 1364 3407 renunciaret:

274 3466 391 3545 propter
419 3459 649 3545 offensionem,
678 3461 806 3547 opinor,
834 3482 930 3546 quam
951 3460 1066 3546 Pyrrhi
1093 3461 1172 3525 socii
1199 3437 1365 3525 contraxe-

274 3583 344 3643 rant.
388 3576 538 3643 (letarum
564 3579 660 3664 paulo
686 3585 760 3664 post
782 3580 808 3662 ᾖ.
831 3578 872 3645 88
906 3578 1005 3643 verba
1030 3582 1217 3663 staphylr'aer
1252 3582 1366 3643 Graece
1427 3658 1430 3665 1

276 3695 374 3758 dicitnr
405 3701 440 3758 ut
461 3696 495 3758 in
516 3696 662 3760 omnibus
685 3695 771 3760 libris
802 3696 895 3761 editis
916 3697 1133 3781 reperiuntur,
1167 3697 1213 3760 ita
1234 3696 1266 3759 iu
1288 3716 1366 3781 qua·

275 3812 336 3874 tuor
355 3812 417 3876 illis
439 3813 602 3877 codicibus
625 3834 704 3900 quos
726 3812 768 3877 ad
789 3813 875 3877 hunc
896 3812 1012 3878 librum
1032 3813 1254 3901 corrigendum
1277 3812 1366 3879 adhi-
1394 3856 1396 3861 -

277 3923 335 3992 beri
353 3930 438 4012 licet,
461 3927 584 3993 desunt.
627 3930 729 3994 Iidem
750 3953 779 3996 r.
803 3934 918 3996 Graece
934 3930 985 3995 vel
1001 3937 1148 3996 Graeciae
1170 3932 1273 3995 alieno
1296 3931 1366 3995 loco

278 4051 339 4109 ante
351 4069 380 4112 v.
396 4050 508 4110 seritur
519 4055 757 4131 conservarunt,
780 4068 843 4134 quo
857 4048 976 4133 insigni
991 4048 1182 4114 documento
1196 4048 1368 4113 edocemur

213 4183 214 4228 1
278 4176 376 4229 omnes
396 4162 440 4228 ad
462 4184 564 4228 rmum
585 4165 750 4252 exemplar
770 4164 866 4251 idque
889 4187 908 4230 a
930 4167 1052 4232 lacunis
1075 4187 1139 4231 non
1160 4167 1300 4231 immune
1321 4184 1368 4228 re·

213 4359 214 4386 ,
278 4272 349 4344 ferri
390 4280 485 4345 Unde
506 4281 638 4366 vulgata
658 4281 753 4347 lectio
776 4282 922 4347 derivata
944 4283 999 4366 sit,
1021 4284 1139 4352 nescio.

715 4458 923 4544 95:5,3a

213 4607 214 4632 ³
320 4596 457 4679 Genera
497 4600 628 4679 Graeci
666 4600 761 4679 haec
799 4602 941 4679 fecere:
981 4600 1158 4679 bolbinen
1194 4642 1240 4657 —-
1267 4604 1367 4702 aegi-

321 4727 449 4833 lips-

1388 4506 1451 4575 400
