3700 5625
708 550 811 618 atta
832 548 895 618 Vr.
1316 551 1360 618 95

307 739 422 842 polis
456 743 500 816 ab
519 739 740 817 nlexmuo
769 738 936 834 condita,
963 736 1061 814 uude
1088 749 1269 838 oeperunt
1294 764 1359 815 ex·

304 878 457 974 ordlum,
481 878 586 954 iuxta
602 875 702 978 quod
720 877 858 952 flumen
875 886 939 952 aut
957 874 1021 952 uhi
1035 874 1148 950 luerit
1171 898 1244 951 non
1268 875 1358 951 satis

304 1018 530 1116 explanatur.

337 1162 432 1236 Quae
458 1161 499 1227 de
521 1161 590 1226 hoe
612 1158 690 1226 loco
713 1155 927 1226 aDoduello
952 1170 985 1223 et
998 1153 1163 1226 Viuceute
1188 1159 1359 1246 disputata

261 1292 335 1359 sunt,
357 1279 534 1367 diligenter
554 1278 711 1365 exposuit
725 1278 880 1360 Geierus,
892 1278 991 1345 Alex.
1009 1277 1126 1365 Magni
1137 1278 1213 1344 hist.
1227 1279 1357 1366 scriptt.

262 1422 288 1482 p.
300 1399 347 1464 78.
374 1398 490 1484 Atque
509 1399 588 1464 illud
614 1398 744 1483 quidem
762 1398 828 1463 iom
845 1398 932 1463 inter
946 1419 1063 1464 omnes
1079 1399 1248 1479 convenit,
1272 1419 1358 1484 quae

261 1515 406 1582 Arrianus
425 1519 468 1582 de
482 1515 631 1581 Nearchi
649 1517 862 1603 expeditione
889 1517 1049 1598 narravit,
1074 1539 1148 1582 oum
1164 1517 1259 1582 Plinii
1282 1538 1356 1585 ver·

261 1635 311 1715 bis,
335 1637 409 1700 dum
436 1637 538 1701 modo
561 1647 654 1701 recte
676 1635 919 1719 scribantur*)‚
942 1634 1112 1722 aliquanto
1137 1635 1255 1702 melius
1278 1657 1358 1703 con·

263 1753 350 1819 ciliari
372 1776 473 1840 quam
496 1753 692 1822 Dodwellus
716 1756 983 1822 existimaverat:
1010 1774 1097 1841 quae
1124 1768 1235 1821 autem
1259 1755 1359 1820 relin-

262 1884 386 1956 quantur
403 1875 666 1959 discrepantiae,
677 1895 718 1940 eo
734 1873 935 1960 pracsertim
951 1875 1107 1940 excusari
1120 1873 1209 1959 quod
1222 1885 1360 1960 praeter

262 1991 433 2058 Nearchum
451 1993 677 2059 Onesicritum
692 2005 830 2059 secutus
847 2005 900 2059 est
913 1991 1057 2068 Plinius;
1075 2012 1219 2077 namque
1235 2002 1359 2057 utrum-

262 2131 313 2193 que
325 2112 356 2175 in
368 2110 558 2177 Auctorem
580 2111 723 2177 elencho
736 2111 792 2178 lib.
805 2113 830 2177 1.
846 2111 1035 2177 enumerari
1058 2111 1221 2176 videmus.
1248 2109 1359 2174 Unum

262 2228 420 2294 discrimen
447 2229 551 2315 idque
578 2217 812 2317 gravissimrim
838 2231 1015 2318 ingeniosa
1042 2228 1237 2293 coniectura
1259 2227 1358 2292 Geie-

212 2393 213 2440 1
261 2368 306 2410 rus
323 2347 440 2414 tollere
466 2359 607 2413 conatus
630 2351 758 2436 estqui
780 2359 857 2414 ante
878 2369 909 2413 v.
927 2346 1063 2410 nomino
1085 2346 1255 2411 excidisse
1278 2366 1357 2411 con·

212 2463 213 2470 ’
261 2465 323 2530 iecit
342 2469 471 2546 omnio,
504 2486 680 2534 assensum
703 2479 823 2534 nactus
846 2465 1097 2530 Westermanni
1124 2466 1156 2528 in
1181 2463 1274 2529 Pauli
1295 2464 1359 2528 En-

263 2585 378 2672 eyclop.
391 2585 464 2654 vol.
478 2583 522 2648 V.
537 2610 569 2671 p.
579 2583 652 2652 490.
668 2597 702 2650 et
715 2583 791 2652 Car.
806 2584 952 2665 Mulieri,
967 2583 1103 2670 Scriptt.
1119 2605 1185 2648 rer.
1196 2581 1296 2649 Alex.
1308 2583 1357 2650 Μ.

261 2703 347 2807 pinli,
369 2703 466 2770 haud
493 2705 566 2769 scio
594 2725 635 2769 aaa
659 2715 764 2769 recte.
825 2703 924 2776 Quod
950 2725 1034 2771 vero
1061 2726 1129 2769 non
1155 2703 1251 2788 ipsos
1277 2703 1359 2769 Ale-

253 2826 360 2888 ·xaudri
374 2824 536 2891 comitum
550 2824 808 2891 commentarios
832 2846 854 2889 a
867 2824 973 2891 Plinio
997 2835 1180 2911 excerptos
1195 2843 1275 2889 esse
1296 2825 1359 2889 sed

261 2942 344 3008 lubae
367 2945 490 3010 librum
518 2944 571 3028 qni
598 2942 778 3008 Onesicriti
802 2955 836 3008 et
863 2942 1011 3010 Nearchi
1036 2942 1205 3009 volumina
1234 2942 1360 3029 compi·
1410 3011 1421 3025 ,

261 3058 370 3143 laverit,
397 3059 478 3127 VV.
500 3062 574 3127 DD.
603 3060 752 3127 arbitrati
778 3074 856 3127 suut
882 3062 1036 3150 plerique
1063 3081 1202 3140 omnes,
1229 3060 1360 3124 dicendi

263 3182 376 3263 generis
401 3202 472 3267 quo
495 3178 567 3246 sere
592 3180 691 3245 utitur
712 3180 837 3247 Plinius
865 3180 1040 3262 rationem,
1063 3188 1099 3244 ut
1121 3178 1265 3258 videtur,
1291 3198 1359 3242 non

250 3393 262 3425 r

316 3458 344 3526 2)
377 3460 421 3512 lta
441 3476 493 3529 pro
519 3458 554 3511 Ad
572 3458 617 3513 aa
636 3459 682 3511 val
700 3458 780 3513 Attea
798 3458 931 3527 oppidum
950 3458 1032 3513 drdls
1052 3477 1067 3511 e
1087 3460 1231 3515 Marciano
1249 3459 1359 3513 llerncl.

263 3545 329 3605 pit.
352 3554 379 3597 et
403 3543 570 3596 Ptolemaeo
590 3544 633 3596 l'l.
653 3548 696 3600 21.
716 3546 742 3596 5.
767 3541 891 3596 restituit
915 3544 1072 3597 Salmasius
1096 3546 1144 3615 qui
1169 3562 1196 3614 p.
1210 3550 1278 3598 1175
1300 3562 1361 3613 sqq.

263 3626 384 3681 ethemima
401 3632 436 3682 de
455 3629 503 3681 hia
522 3629 685 3700 regionibus
702 3627 866 3697 disputavit.
903 3632 979 3683 tetam
996 3634 1105 3695 flumen
1124 3632 1251 3685 Nodrrtm
1269 3632 1297 3683 in
1315 3632 1361 3683 Ar·

263 3710 307 3765 lim
323 3718 483 3769 natantum
497 3732 566 3767 -easa
585 3707 669 3779 ridit',
694 3715 767 3783 qnod
789 3732 806 3769 a
824 3714 959 3769 Strabone
977 3717 1034 3767 xv,
1054 3735 1080 3785 p.
1094 3718 1153 3767 720.
1174 3723 1202 3769 et
1219 3716 1360 3785 Stephane

265 3800 342 3851 todem
362 3802 484 3863 nomine,
504 3800 853 3855 cinanmomum—2³.
873 3802 964 3853 minua
984 3808 1058 3853 reeta
1075 3802 1174 3853 Arabis
1192 3802 1359 3869 appellatur,

264 3884 457 3957 alwaaaeling.
476 3885 510 3938 ad
526 3885 605 3939 Diod.
625 3887 708 3937 xvll.
724 3889 787 3949 104,
807 3886 922 3941 Lassen.
937 3887 1027 3955 dntiq.
1041 3886 1099 3938 lud.
1111 3886 1146 3937 ll.
1165 3906 1190 3956 p.
1202 3890 1260 3937 190.
1282 3886 1360 3952 Quae

265 3970 404 4025 coniectura
424 3971 544 4025 lectione
563 3972 642 4027 codd.
660 3972 702 4023 aa
722 3972 901 4025 oonllrmatur
919 3972 967 4041 qai
988 3972 1119 4025 exhiheret
1135 3972 1262 4035 Hadrian,
1281 3972 1360 4024 auia

264 4052 307 4106 lina
323 4058 440 4125 proximi
461 4059 591 4110 vocabuli
606 4070 625 4109 n
645 4058 819 4111 adhaeserat.
849 4058 904 4109 Pro
922 4058 1112 4112 Athothadrtta
1129 4058 1304 4111 scribendam
1316 4065 1362 4111 cat

266 4154 314 4189 ram
328 4133 420 4195 eodem
436 4142 577 4195 Salmaaio
597 4151 624 4196 at
642 4144 771 4195 vincento
792 4142 912 4199 Aradus.
938 4145 964 4211 §.
973 4149 1032 4197 103.
1051 4152 1125 4197 recta
1138 4144 1293 4197 Salmasius
1310 4156 1361 4198 uo·

265 4228 388 4280 minutum
409 4228 467 4298 legi
487 4229 587 4282 voluit.
625 4229 688 4282 alta
706 4235 850 4296 practerea
873 4230 985 4282 nomina
1004 4230 1121 4283 Vincam
1140 4232 1211 4298 apud
1232 4230 1360 4283 Schmin-

265 4306 345 4363 tleruna
362 4314 396 4365 ad
415 4314 523 4367 arrian.
543 4314 708 4383 napata.
730 4313 858 4367 carnemt.
896 4314 966 4383 Nara
983 4315 1055 4366 lihro
1076 4332 1130 4383 quo
1150 4316 1270 4368 Nearchi
1287 4314 1362 4384 peri·

265 4393 329 4459 plum
341 4398 625 4453 doctissimal'inceaa
636 4398 797 4462 illustravit,
812 4398 851 4451 uti
865 4398 935 4451 mihi
950 4416 1003 4451 non
1018 4400 1107 4461 licuit,
1125 4407 1254 4470 excerpta
1266 4407 1360 4454 antam

266 4484 390 4552 epariplo
411 4486 496 4541 maria
519 4487 596 4539 ruhri
613 4486 642 4539 iu
661 4486 792 4539 Bradovii
811 4486 939 4553 erueatt.
958 4501 1055 4555 geogr.
1073 4488 1174 4541 vohll.
1192 4506 1218 4556 p.
1230 4491 1282 4541 71⁵
1300 4504 1359 4554 aqq.

266 4562 324 4619 uilril
337 4568 394 4625 lare
409 4571 444 4623 da
454 4570 575 4627 Nearchi
593 4570 772 4642 navigatione
794 4572 943 4627 continent.
