3700 5625
486 579 548 648 166
945 581 1046 650 nter
1066 581 1136 650 11.

486 787 578 835 nunc
598 766 678 853 gula
697 787 782 834 sane
809 758 829 839 i.
846 789 877 840 e.
899 768 1003 858 ὑγιῶς
1023 771 1098 837 sine
1123 769 1336 836 incommodo
1359 777 1461 856 atque
1481 765 1600 834 utiliter

490 898 523 954 ct
541 887 609 954 cito
630 885 754 954 deferri
776 888 888 958 refert.
937 891 1053 978 ltaque
1073 890 1290 957 scribendum
1313 891 1394 958 erite
1421 941 1424 946 .

533 1076 574 1090 -
590 1037 775 1128 appellolur
791 1039 886 1131 pulo
907 1062 985 1137 quo
1003 1061 1100 1106 rone
1122 1038 1211 1105 cibus
1232 1049 1331 1138 alque
1349 1052 1445 1131 potua
1466 1041 1602 1111 devolat,

412 1263 476 1332 eoa
909 1244 1189 1342 1⁷o=ar,ou.

542 1395 632 1474 Hoc
652 1394 799 1472 nomine
818 1396 1045 1500 (stomachi)
1069 1406 1126 1473 est
1147 1400 1216 1474 cub
1234 1397 1392 1475 arteria
1416 1397 1504 1474 iarn
1529 1423 1603 1474 car-

543 1556 635 1608 nora
660 1531 817 1609 inanitas
847 1539 909 1607 rel.

576 1700 744 1788 Displicet
769 1701 912 1768 otiosum
933 1699 1013 1768 illud
1034 1702 1117 1788 ium,
1145 1701 1236 1790 quod
1266 1698 1537 1786 edittograpbia
1559 1720 1608 1766 or·

494 1829 561 1888 lum
588 1839 667 1888 esse
693 1819 837 1888 videtur.
885 1819 1054 1906 Scriptum
1077 1831 1171 1900 erat,
1195 1821 1326 1906 opinor,
1347 1817 1381 1882 in
1403 1816 1608 1906 archetypos

494 1958 677 2018 urrunnu,
698 1937 787 2006 unde
806 1936 932 2006 tactum
947 1949 1001 2006 eet
1022 1936 1145 2007 lineola
1165 1936 1404 2025 superinducta
1425 1937 1554 2002 arteria
1567 1937 1608 2000 io.

415 2185 480 2256 2⁰9
908 2154 1201 2234 180=ibidem.

546 2304 746 2385 novissima
771 2307 953 2409 asperitas
980 2306 1207 2411 (clumacho)
1229 2318 1271 2384 ut
1297 2305 1448 2384 scobina
1469 2284 1615 2382 fabric.⁴

581 2476 630 2543 lta
643 2475 790 2560 Silligiua
805 2494 825 2541 e
841 2475 939 2541 codd.
960 2473 1030 2552 Rd3
1051 2486 1152 2540 arctoa
1171 2471 1262 2562 [obri
1280 2471 1465 2558 legebatur.
1486 2469 1610 2537 Verum

498 2593 644 2659 dativum
665 2574 770 2681 fabric
790 2595 836 2663 ita
858 2596 948 2662 uude
963 2597 1107 2682 positum
1128 2595 1247 2662 nescio
1263 2593 1429 2680 quomodo
1450 2592 1611 2677 explicari

496 2711 618 2800 possit.
659 2712 776 2800 ltaque
797 2724 949 2799 praestat
971 2735 1038 2781 una
1058 2711 1187 2799 syllaba
1210 2713 1343 2779 adiecta
1367 2711 1537 2780 scriberet

864 2842 902 2897 ut
922 2830 1054 2899 acobino
1075 2828 1237 2919 fabrilis.

498 2950 649 3019 Scabiua
674 2952 760 3018 enirn
790 2952 876 3018 sicut
904 2951 982 3017 lima
1013 2950 1151 3017 materia
1176 2949 1305 3017 febrilis
1329 2959 1400 3032 eat,
1434 2945 1478 3015 ci.
1500 2947 1611 3015 Varro

497 3070 538 3138 L.
550 3070 589 3139 L.
609 3070 681 3139 Vll.
696 3070 747 3138 94.

584 3226 681 3301 Quae
701 3220 910 3310 praecedunt
933 3231 982 3287 tot
993 3220 1122 3285 mendis
1144 3219 1367 3307 inquinantur,
1387 3231 1424 3285 ut
1435 3220 1510 3284 sine
1522 3217 1612 3314 libris

498 3341 693 3409 melioribus
705 3341 925 3429 probabiliter
939 3340 1110 3409 emendari
1122 3352 1300 3428 nequeant.
1330 3339 1442 3427 Atque
1462 3340 1549 3405 idem
1572 3340 1612 3404 ele

498 3459 648 3546 plurimis
670 3457 769 3524 buius
791 3459 866 3524 libri
884 3457 969 3525 locis
990 3456 1092 3539 velet,
1115 3457 1217 3524 veluti
1240 3458 1283 3523 dc
1304 3456 1335 3544 §.
1350 3457 1426 3543 195,
1449 3458 1506 3523 ubi
1528 3474 1611 3544 quae

498 3576 705 3643 nuncverba
720 3575 813 3641 Plinii
825 3574 992 3661 leguntur,
1008 3576 1133 3641 diserto
1146 3575 1339 3640 Aristotelis
1357 3577 1548 3641 testimonio
1562 3574 1612 3639 De

498 3708 585 3785 part.
607 3692 824 3763 anin1.lV.2.
847 3705 880 3761 et
901 3694 986 3762 llist·
1002 3698 1102 3763 anim.
1118 3696 1156 3765 11.
1172 3694 1222 3761 15.
1244 3694 1470 3783 refragantur.
1516 3693 1612 3768 Quod

500 3814 653 3885 sortasse
672 3814 847 3882 ferendum
870 3817 943 3896 crit,
965 3839 1063 3903 quum
1084 3837 1168 3883 sane
1192 3816 1448 3882 concedendum
1472 3815 1537 3893 sit,
1560 3825 1613 3879 sat

498 3937 621 4007 multos
647 3936 745 4003 locos
773 3936 967 4003 Aristotelis
993 3935 1079 4002 male
1107 3933 1296 4006 intellectos
1328 3934 1381 4001 vel
1407 3932 1614 4023 negligenter

501 4068 684 4145 excerptos
705 4056 857 4144 reperiri,
880 4054 921 4124 ci.
944 4056 1119 4145 Montigny
1141 4078 1175 4143 p.
1190 4054 1233 4121 57
1247 4076 1321 4142 sqq.

587 4198 624 4265 ln
645 4199 676 4289 §.
687 4197 762 4265 196.
784 4198 947 4269 Harduini
966 4198 1274 4285 interpretationem
1294 4196 1412 4281 probo.
1484 4277 1488 4291 Ι

419 4419 484 4487 210
923 4400 1198 4499 200=37,79.

500 4556 521 4635 1
573 4553 699 4635 dcirco
725 4555 842 4657 magia
865 4554 964 4634 avidi
989 4552 1176 4652 ciborum,
1210 4554 1342 4655 quibus
1371 4556 1417 4633 ab
1439 4554 1522 4633 alvo
1541 4554 1613 4631 lou·
