3700 5625
487 698 552 770 102
949 702 1038 764 hiber
1057 704 1131 767 XX.

527 901 626 961 sativa
653 915 765 978 sapore
785 901 1011 980 proximam
1035 920 1065 964 a.
1088 904 1114 964 'a
1136 903 1163 964 b.
1184 919 1213 964 a.
1234 919 1261 964 r.
1281 919 1320 964 m.
1343 921 1373 966 a.
1392 922 1417 965 ι.
1439 937 1475 950 -
1502 921 1524 966 e.
1542 905 1572 964 ll.

529 1036 553 1082 e.
566 1037 605 1086 ,a
627 1034 735 1100 aenas,
759 1054 801 1063 —
825 1021 892 1093 fere
913 1022 1129 1100 oxylapathum
1151 1028 1276 1099 vocant,
1297 1053 1338 1064 -
1355 1024 1443 1084 satiei
1463 1024 1574 1088 anaa-

484 1143 491 1157 ‘
529 1140 586 1197 ltus
604 1142 635 1196 et
655 1139 792 1198 acutiore
811 1139 887 1211 sotio
908 1156 947 1201 ao
968 1133 1108 1200 roondre
1128 1129 1184 1232 rel

582 1252 610 1336 §-
632 1252 693 1320 232
737 1253 891 1339 Apuleius
919 1254 1058 1320 fortasse
1086 1260 1174 1342 reete
1203 1261 1277 1320 aute
1305 1277 1335 1320 v.
1362 1261 1506 1320 silvestria
1530 1255 1575 1322 ad·

493 1369 575 1437 didit
595 1376 651 1434 sed
672 1376 779 1434 omnia.
820 1372 849 1456 S.
872 1372 934 1439 242
955 1372 1040 1437 idem
1063 1392 1126 1436 non
1150 1377 1254 1436 atridis
1274 1394 1371 1436 semea
1394 1373 1449 1438 sed
1471 1379 1575 1436 atridas

486 1509 583 1550 semea
606 1488 703 1572 legit,
739 1488 825 1575 quod
848 1510 922 1554 oum
949 1489 1094 1555 contritis
1117 1489 1291 1554 seminibus
1319 1490 1348 1575 §.
1370 1491 1429 1558 241
1452 1511 1576 1578 oppona-

487 1612 549 1686 tur,
571 1604 605 1668 in
626 1610 722 1668 riade
743 1627 839 1670 semen
862 1607 1050 1672 mutandum
1072 1607 1181 1692 itaque
1202 1607 1420 1692 recipiendum
1434 1617 1491 1675 est.
1513 1615 1577 1673 Nan

488 1723 580 1807 §.245
603 1729 690 1788 reete
712 1722 830 1788 ibidem
852 1725 1012 1790 inseritur.
1034 1725 1410 1810 sumptuosarum,
1434 1747 1494 1812 quo
1515 1745 1576 1790 oon·

488 1840 634 1906 sinnitati
655 1843 848 1924 consulatur,
870 1842 1009 1907 seribere
1022 1843 1130 1908 malim
1149 1847 1261 1908 illitam.

406 2011 470 2081 444
801 2019 1058 2105 253=23os
1089 2015 1157 2106 (de
1178 2021 1298 2102 meo).

541 2144 701 2222 nobilius
735 2147 1030 2224 Athamantionm
1065 2155 1220 2237 vocant,
1250 2145 1314 2250 ,illi
1340 2154 1519 2244 tamquam
1542 2143 1578 2217 ab

541 2279 764 2355 Athamante
792 2279 998 2372 inventum,
1028 2280 1075 2370 hi,
1106 2280 1276 2379 quoniam
1304 2277 1578 2354 laudatissimum

539 2413 575 2488 io
602 2411 827 2488 Athamante
852 2414 1065 2514 reperiatur.

534 2521 773 2609 'Macedoniam
796 2545 1001 2609 Dioscorides
1023 2545 1047 2608 Ι.
1068 2545 1087 2612 3
1112 2544 1266 2624 nominat,
1290 2540 1503 2608 Athamaniae
1522 2539 1579 2602 fini·

490 2662 609 2732 timum,
651 2659 745 2724 Hane
773 2661 869 2745 igitur
890 2663 1013 2726 Plinius
1048 2681 1317 2728 eommemorasse
1345 2658 1504 2744 putandus
1533 2663 1578 2721 est.

489 2777 612 2855 Quodsi
636 2777 816 2865 Apuleium,
839 2779 892 2865 qui
914 2779 1049 2865 primum
1072 2801 1189 2846 nomen
1212 2778 1257 2843 ita
1276 2777 1419 2863 scripsit:
1443 2780 1581 2839 narrarunt.

490 2901 539 2961 hic
566 2917 632 2963 eam
667 2901 767 2958 aelata
795 2886 948 2972 insatiata,
982 2898 1127 2961 ultimum
1162 2901 1333 2961 athamanto
1373 2893 1432 2977 (ef.
1462 2893 1523 2957 sill.
1549 2889 1580 2952 V.

490 3035 521 3099 p.
543 3011 637 3097 xm)
660 3033 771 3095 presso
794 3014 973 3100 sequimur,
995 3014 1168 3101 legendum
1190 3034 1262 3077 esse
1283 3012 1511 3095 intelligemus:
1646 3095 1647 3101 ἵ

416 3124 419 3131 ’
531 3116 825 3195 amnemamnem
854 3139 902 3195 aa
923 3138 1151 3196 arsamosata
1176 3152 1204 3195 a.
1225 3138 1246 3195 ι.
1268 3142 1286 3193 l.
1310 3152 1339 3192 s.
1362 3139 1400 3193 Α.
1431 3134 1451 3191 a.
1474 3132 1501 3189 a.
1523 3148 1548 3203 q.
1566 3128 1580 3183 ι.
1645 3112 1647 3115 ’

531 3255 563 3312 in
585 3252 765 3313 Attaroania
786 3270 812 3312 r.
1646 3244 1647 3251 '

571 3365 685 3430 Finem
707 3366 856 3429 seotionis
879 3386 899 3429 a
921 3365 1043 3450 Silligio
1065 3366 1179 3431 mirum
1200 3366 1233 3428 in
1260 3362 1390 3429 modum
1414 3366 1582 3443 corruptum

490 3485 587 3547 Ianus
608 3482 808 3564 emendarit,
835 3502 933 3546 unum
956 3483 1178 3567 praetermisit.
1225 3481 1329 3557 Quum
1353 3481 1438 3545 enim
1461 3477 1521 3543 mei
1540 3492 1580 3535 ra·

491 3600 579 3665 diaes
607 3620 628 3665 a
653 3599 843 3664 Diosaoride
877 3597 1066 3685 ὑστερικαῖς
1093 3623 1130 3665 rs
1165 3600 1339 3691 διαθέσεσι
1366 3602 1423 3665 καὶ
1459 3595 1581 3679 ἄρθρων

490 3717 607 3795 πόνοις
628 3716 781 3803 prodesse
811 3716 972 3797 dieantur,
1000 3724 1136 3803 apparet
1158 3715 1242 3802 apud
1264 3716 1403 3781 Plinium
1434 3733 1496 3777 non
1523 3716 1581 3793 post

433 3859 437 3866 ·
489 3856 518 3899 ι.
542 3840 624 3915 vitia,
645 3843 682 3898 ut
702 3834 797 3918 vulgo
819 3833 864 3915 fit,
887 3832 946 3897 sed
967 3840 1040 3918 post
1061 3856 1090 3898 ι.
1105 3839 1317 3911 satanamque
1332 3834 1378 3896 sie
1398 3830 1579 3915 distinguen-

489 3951 671 4017 dumosae:

530 4077 667 4162 tormina
680 4081 708 4133 et
723 4073 839 4135 aeaeae
859 4074 932 4143 sitio
955 4074 1174 4145 vulvarumque,
1198 4073 1335 4131 articulis
1357 4087 1423 4129 eam
1442 4059 1579 4133 nullerel.
1645 4132 1646 4169 ἢ

408 4253 496 4323 445-
693 4258 950 4343 254=23os
985 4254 1052 4345 (de
1078 4254 1227 4331 lenieuli
1253 4260 1379 4341 suno).
1645 4180 1646 4236 t

540 4386 734 4489 Colligitur
759 4386 820 4462 hie
847 4385 953 4461 eaule
980 4394 1218 4496 turgescente
1245 4394 1281 4462 et
1308 4387 1342 4460 in
1371 4382 1451 4461 sole
1478 4384 1578 4458 sicea-

536 4529 596 4597 tur
632 4519 920 4619 inunguiturque
973 4543 1017 4593 ex
1059 4517 1193 4619 melle,
1247 4519 1300 4609 [-
1345 4518 1480 4637 ubique
1517 4514 1577 4589 hoe
1644 4548 1645 4627 q

540 4663 597 4761 est
622 4650 706 4745 -l;
745 4652 1019 4728 laudatissimus
1045 4651 1080 4734 iu
1108 4651 1225 4729 Iberia
1252 4676 1271 4726 e
1301 4650 1458 4727 lacrimis
1492 4649 1527 4725 fit
1548 4648 1576 4718 et
