<?xml version="1.0" encoding="UTF-8"?>
<!DOCTYPE html PUBLIC "-//W3C//DTD XHTML 1.0 Transitional//EN"
    "http://www.w3.org/TR/xhtml1/DTD/xhtml1-transitional.dtd">
<html xmlns="http://www.w3.org/1999/xhtml" xml:lang="en" lang="en">
 <head>
  <title>
</title>
<meta http-equiv="Content-Type" content="text/html;charset=utf-8" />
  <meta name='ocr-system' content='tesseract 3.04.00' />
  <meta name='ocr-capabilities' content='ocr_page ocr_carea ocr_par ocr_line ocrx_word'/>
</head>
<body>
  <div class='ocr_page' id='page_1' title='image "./vindiciaeplinia01urligoog_0272.png"; bbox 0 0 3700 5625; ppageno 0'>
   <div class='ocr_carea' id='block_1_1' title="bbox 481 749 1151 824">
    <p class='ocr_par' dir='ltr' id='par_1_1' title="bbox 481 749 1151 824">
     <span class='ocr_line' id='line_1_1' title="bbox 481 749 1151 824; baseline -0.006 0"><span class='ocrx_word' id='word_1_1' title='bbox 481 750 523 824; x_wconf 79' lang='lat' dir='ltr'><strong>tt</strong></span> <span class='ocrx_word' id='word_1_2' title='bbox 924 749 1013 819; x_wconf 73' lang='lat' dir='ltr'><strong>[tter</strong></span> <span class='ocrx_word' id='word_1_3' title='bbox 1027 753 1151 820; x_wconf 78' lang='lat' dir='ltr'><em>XVIII.</em></span> 
     </span>
    </p>
   </div>
   <div class='ocr_carea' id='block_1_2' title="bbox 481 943 1644 1605">
    <p class='ocr_par' dir='ltr' id='par_1_2' title="bbox 481 943 1644 1605">
     <span class='ocr_line' id='line_1_2' title="bbox 482 943 1568 1035; baseline -0.003 -20"><span class='ocrx_word' id='word_1_4' title='bbox 482 953 593 1015; x_wconf 78' lang='lat' dir='ltr'><strong>dextro</strong></span> <span class='ocrx_word' id='word_1_5' title='bbox 624 964 686 1014; x_wconf 85' lang='grc' dir='ltr'><strong>ααα</strong></span> <span class='ocrx_word' id='word_1_6' title='bbox 717 971 808 1015; x_wconf 83' lang='grc' dir='ltr'><em>αααα</em></span> <span class='ocrx_word' id='word_1_7' title='bbox 839 958 924 1015; x_wconf 77' lang='lat' dir='ltr'><strong>scoot</strong></span> <span class='ocrx_word' id='word_1_8' title='bbox 943 943 1013 1014; x_wconf 77' lang='grc' dir='ltr'><strong>Τᾶ</strong></span> <span class='ocrx_word' id='word_1_9' title='bbox 1050 947 1137 1034; x_wconf 93' lang='lat' dir='ltr'><strong>quod</strong></span> <span class='ocrx_word' id='word_1_10' title='bbox 1157 947 1255 1014; x_wconf 85' lang='lat' dir='ltr'><strong>Ianus</strong></span> <span class='ocrx_word' id='word_1_11' title='bbox 1292 947 1430 1035; x_wconf 78' lang='lat' dir='ltr'><strong>recepit,</strong></span> <span class='ocrx_word' id='word_1_12' title='bbox 1469 947 1568 1013; x_wconf 88' lang='lat' dir='ltr'><strong>melius</strong></span> 
     </span>
     <span class='ocr_line' id='line_1_3' title="bbox 481 1057 1642 1155; baseline -0.003 -22"><span class='ocrx_word' id='word_1_13' title='bbox 481 1057 558 1151; x_wconf 73' lang='lat' dir='ltr'><strong>Sili,</strong></span> <span class='ocrx_word' id='word_1_14' title='bbox 582 1069 636 1154; x_wconf 91' lang='lat' dir='ltr'><strong>qui</strong></span> <span class='ocrx_word' id='word_1_15' title='bbox 647 1067 788 1155; x_wconf 86' lang='lat' dir='ltr'><strong>glossam</strong></span> <span class='ocrx_word' id='word_1_16' title='bbox 809 1067 915 1133; x_wconf 80' lang='lat' dir='ltr'><strong>uerbis</strong></span> <span class='ocrx_word' id='word_1_17' title='bbox 937 1065 1044 1132; x_wconf 88' lang='lat' dir='ltr'><strong>inesse</strong></span> <span class='ocrx_word' id='word_1_18' title='bbox 1066 1065 1155 1150; x_wconf 86' lang='lat' dir='ltr'><strong>vidit,</strong></span> <span class='ocrx_word' id='word_1_19' title='bbox 1177 1065 1314 1131; x_wconf 84' lang='lat' dir='ltr'><strong>athene</strong></span> <span class='ocrx_word' id='word_1_20' title='bbox 1336 1065 1369 1134; x_wconf 90' lang='lat' dir='ltr'><strong>in</strong></span> <span class='ocrx_word' id='word_1_21' title='bbox 1387 1065 1568 1131; x_wconf 81' lang='lat' dir='ltr'><strong>substantivo</strong></span> <span class='ocrx_word' id='word_1_22' title='bbox 1641 1071 1642 1116; x_wconf 66' lang='grc' dir='ltr'><strong>ἲ</strong></span> 
     </span>
     <span class='ocr_line' id='line_1_4' title="bbox 481 1181 1569 1272; baseline -0.005 -21"><span class='ocrx_word' id='word_1_23' title='bbox 481 1187 701 1272; x_wconf 89' lang='lat' dir='ltr'><strong>potiusquam</strong></span> <span class='ocrx_word' id='word_1_24' title='bbox 714 1186 747 1250; x_wconf 90' lang='lat' dir='ltr'><strong>iu</strong></span> <span class='ocrx_word' id='word_1_25' title='bbox 769 1184 926 1250; x_wconf 85' lang='lat' dir='ltr'><strong>adieetiro</strong></span> <span class='ocrx_word' id='word_1_26' title='bbox 950 1183 1170 1271; x_wconf 72' lang='lat' dir='ltr'><strong>quaesiverim.</strong></span> <span class='ocrx_word' id='word_1_27' title='bbox 1193 1185 1277 1248; x_wconf 82' lang='lat' dir='ltr'><strong>ttulit</strong></span> <span class='ocrx_word' id='word_1_28' title='bbox 1298 1181 1331 1248; x_wconf 91' lang='lat' dir='ltr'><strong>in</strong></span> <span class='ocrx_word' id='word_1_29' title='bbox 1353 1183 1424 1250; x_wconf 85' lang='lat' dir='ltr'><strong>eod.</strong></span> <span class='ocrx_word' id='word_1_30' title='bbox 1447 1204 1465 1247; x_wconf 89' lang='lat' dir='ltr'><strong>a</strong></span> <span class='ocrx_word' id='word_1_31' title='bbox 1486 1181 1569 1248; x_wconf 89' lang='lat' dir='ltr'><strong>aPli-</strong></span> 
     </span>
     <span class='ocr_line' id='line_1_5' title="bbox 482 1299 1571 1390; baseline -0.005 -22"><span class='ocrx_word' id='word_1_32' title='bbox 482 1305 536 1369; x_wconf 84' lang='lat' dir='ltr'><strong>uio</strong></span> <span class='ocrx_word' id='word_1_33' title='bbox 559 1309 665 1369; x_wconf 79' lang='lat' dir='ltr'><strong>Italici</strong></span> <span class='ocrx_word' id='word_1_34' title='bbox 693 1303 845 1390; x_wconf 85' lang='lat' dir='ltr'><strong>seriptum</strong></span> <span class='ocrx_word' id='word_1_35' title='bbox 869 1320 941 1368; x_wconf 87' lang='lat' dir='ltr'><strong>esse</strong></span> <span class='ocrx_word' id='word_1_36' title='bbox 977 1299 1106 1369; x_wconf 80' lang='lat' dir='ltr'><strong>indicet.</strong></span> <span class='ocrx_word' id='word_1_37' title='bbox 1150 1301 1276 1366; x_wconf 85' lang='lat' dir='ltr'>Deinde</span> <span class='ocrx_word' id='word_1_38' title='bbox 1305 1301 1417 1366; x_wconf 85' lang='lat' dir='ltr'><strong>ultime</strong></span> <span class='ocrx_word' id='word_1_39' title='bbox 1442 1301 1571 1365; x_wconf 77' lang='lat' dir='ltr'><strong>litterae</strong></span> 
     </span>
     <span class='ocr_line' id='line_1_6' title="bbox 481 1395 1643 1487; baseline -0.004 -1"><span class='ocrx_word' id='word_1_40' title='bbox 481 1423 728 1487; x_wconf 80' lang='lat' dir='ltr'><strong>vooisextotore</strong></span> <span class='ocrx_word' id='word_1_41' title='bbox 749 1419 920 1485; x_wconf 88' lang='lat' dir='ltr'><strong>emendata</strong></span> <span class='ocrx_word' id='word_1_42' title='bbox 942 1418 1047 1484; x_wconf 85' lang='lat' dir='ltr'><strong>soribo</strong></span> <span class='ocrx_word' id='word_1_43' title='bbox 1069 1423 1211 1485; x_wconf 75' lang='lat' dir='ltr'><strong>exhalari</strong></span> <span class='ocrx_word' id='word_1_44' title='bbox 1230 1425 1376 1484; x_wconf 78' lang='lat' dir='ltr'><strong>matutino</strong></span> <span class='ocrx_word' id='word_1_45' title='bbox 1398 1418 1569 1483; x_wconf 82' lang='lat' dir='ltr'><strong>nebrclom—</strong></span> <span class='ocrx_word' id='word_1_46' title='bbox 1642 1395 1643 1444; x_wconf 64' lang='lat' dir='ltr'><strong>t</strong></span> 
     </span>
     <span class='ocr_line' id='line_1_7' title="bbox 482 1524 1644 1605; baseline -0.004 0"><span class='ocrx_word' id='word_1_47' title='bbox 482 1549 594 1605; x_wconf 84' lang='lat' dir='ltr'><strong>certum</strong></span> <span class='ocrx_word' id='word_1_48' title='bbox 617 1548 669 1604; x_wconf 82' lang='lat' dir='ltr'><strong>eet.</strong></span> <span class='ocrx_word' id='word_1_49' title='bbox 1643 1524 1644 1572; x_wconf 56' lang='lat'>¹</span> 
     </span>
    </p>
   </div>
   <div class='ocr_carea' id='block_1_3' title="bbox 899 1625 1159 1713">
    <p class='ocr_par' dir='ltr' id='par_1_3' title="bbox 899 1625 1159 1713">
     <span class='ocr_line' id='line_1_8' title="bbox 899 1625 1159 1713; baseline 0 -14"><span class='ocrx_word' id='word_1_50' title='bbox 899 1625 1159 1713; x_wconf 50' lang='lat' dir='ltr'><strong>&amp;tir-todi.</strong></span> 
     </span>
    </p>
   </div>
   <div class='ocr_carea' id='block_1_4' title="bbox 521 1767 1574 2139">
    <p class='ocr_par' dir='ltr' id='par_1_4' title="bbox 521 1767 1574 2139">
     <span class='ocr_line' id='line_1_9' title="bbox 531 1767 1573 1872; baseline -0.005 -24"><span class='ocrx_word' id='word_1_51' title='bbox 531 1815 579 1830; x_wconf 94' lang='lat'>—</span> <span class='ocrx_word' id='word_1_52' title='bbox 604 1772 640 1848; x_wconf 94' lang='lat' dir='ltr'><strong>in</strong></span> <span class='ocrx_word' id='word_1_53' title='bbox 682 1772 764 1872; x_wconf 95' lang='lat' dir='ltr'><strong>ipso</strong></span> <span class='ocrx_word' id='word_1_54' title='bbox 803 1771 940 1871; x_wconf 90' lang='lat' dir='ltr'><strong>pabulo</strong></span> <span class='ocrx_word' id='word_1_55' title='bbox 982 1793 1056 1850; x_wconf 94' lang='lat' dir='ltr'><strong>non</strong></span> <span class='ocrx_word' id='word_1_56' title='bbox 1093 1770 1213 1847; x_wconf 91' lang='lat' dir='ltr'><strong>minus</strong></span> <span class='ocrx_word' id='word_1_57' title='bbox 1257 1767 1492 1848; x_wconf 76' lang='lat' dir='ltr'><strong>emolumenti</strong></span> <span class='ocrx_word' id='word_1_58' title='bbox 1525 1775 1573 1844; x_wconf 92' lang='lat' dir='ltr'><strong>est</strong></span> 
     </span>
     <span class='ocr_line' id='line_1_10' title="bbox 521 1901 1574 2003; baseline -0.003 -23"><span class='ocrx_word' id='word_1_59' title='bbox 521 1926 642 2003; x_wconf 84' lang='lat' dir='ltr'><strong>quam</strong></span> <span class='ocrx_word' id='word_1_60' title='bbox 668 1927 690 1980; x_wconf 89' lang='lat' dir='ltr'><strong>a</strong></span> <span class='ocrx_word' id='word_1_61' title='bbox 714 1903 813 1983; x_wconf 85' lang='lat' dir='ltr'><strong>feno.</strong></span> <span class='ocrx_word' id='word_1_62' title='bbox 850 1907 1111 1982; x_wconf 81' lang='lat' dir='ltr'><strong>Armeniorum</strong></span> <span class='ocrx_word' id='word_1_63' title='bbox 1137 1904 1175 1980; x_wconf 91' lang='lat' dir='ltr'><strong>id</strong></span> <span class='ocrx_word' id='word_1_64' title='bbox 1203 1925 1299 1995; x_wconf 86' lang='lat' dir='ltr'><strong>oure,</strong></span> <span class='ocrx_word' id='word_1_65' title='bbox 1324 1901 1574 1980; x_wconf 87' lang='lat' dir='ltr'><strong>iumentorum-</strong></span> 
     </span>
     <span class='ocr_line' id='line_1_11' title="bbox 531 2033 1574 2139; baseline -0.005 -25"><span class='ocrx_word' id='word_1_66' title='bbox 531 2060 604 2137; x_wconf 89' lang='lat' dir='ltr'><strong>que</strong></span> <span class='ocrx_word' id='word_1_67' title='bbox 644 2040 906 2139; x_wconf 82' lang='lat' dir='ltr'><strong>progeneratio</strong></span> <span class='ocrx_word' id='word_1_68' title='bbox 943 2054 1050 2114; x_wconf 85' lang='lat' dir='ltr'><strong>suum</strong></span> <span class='ocrx_word' id='word_1_69' title='bbox 1073 2037 1222 2136; x_wconf 79' lang='lat' dir='ltr'><strong>‚auique</strong></span> <span class='ocrx_word' id='word_1_70' title='bbox 1261 2033 1452 2115; x_wconf 77' lang='lat' dir='ltr'><strong>consilium</strong></span> <span class='ocrx_word' id='word_1_71' title='bbox 1477 2034 1574 2124; x_wconf 83' lang='lat' dir='ltr'><strong>dabit,</strong></span> 
     </span>
    </p>
   </div>
   <div class='ocr_carea' id='block_1_5' title="bbox 482 2169 1595 3329">
    <p class='ocr_par' dir='ltr' id='par_1_5' title="bbox 531 2169 1333 2270">
     <span class='ocr_line' id='line_1_12' title="bbox 531 2169 1333 2270; baseline -0.002 -22"><span class='ocrx_word' id='word_1_72' title='bbox 531 2170 668 2270; x_wconf 89' lang='lat' dir='ltr'><strong>optimo</strong></span> <span class='ocrx_word' id='word_1_73' title='bbox 694 2171 851 2247; x_wconf 82' lang='lat' dir='ltr'><strong>maxime</strong></span> <span class='ocrx_word' id='word_1_74' title='bbox 878 2169 1138 2270; x_wconf 85' lang='lat' dir='ltr'><strong>quadrigarum</strong></span> <span class='ocrx_word' id='word_1_75' title='bbox 1165 2177 1333 2269; x_wconf 88' lang='lat' dir='ltr'><strong>quaestu.</strong></span> 
     </span>
    </p>

    <p class='ocr_par' dir='ltr' id='par_1_6' title="bbox 482 2301 1595 3074">
     <span class='ocr_line' id='line_1_13' title="bbox 564 2301 1576 2387; baseline 0 -21"><span class='ocrx_word' id='word_1_76' title='bbox 564 2301 674 2368; x_wconf 85' lang='lat' dir='ltr'><strong>Verba</strong></span> <span class='ocrx_word' id='word_1_77' title='bbox 694 2308 728 2367; x_wconf 83' lang='lat' dir='ltr'><strong>td</strong></span> <span class='ocrx_word' id='word_1_78' title='bbox 748 2323 825 2368; x_wconf 85' lang='lat' dir='ltr'><strong>curo</strong></span> <span class='ocrx_word' id='word_1_79' title='bbox 857 2303 978 2368; x_wconf 87' lang='lat' dir='ltr'><strong>nnllam</strong></span> <span class='ocrx_word' id='word_1_80' title='bbox 1001 2303 1129 2366; x_wconf 90' lang='lat' dir='ltr'><strong>omnino</strong></span> <span class='ocrx_word' id='word_1_81' title='bbox 1152 2302 1398 2387; x_wconf 85' lang='lat' dir='ltr'><strong>explioetionem</strong></span> <span class='ocrx_word' id='word_1_82' title='bbox 1421 2304 1576 2370; x_wconf 80' lang='lat' dir='ltr'><strong>admittere</strong></span> 
     </span>
     <span class='ocr_line' id='line_1_14' title="bbox 482 2415 1575 2506; baseline 0.003 -25"><span class='ocrx_word' id='word_1_83' title='bbox 482 2415 549 2487; x_wconf 78' lang='lat' dir='ltr'><strong>Sill.</strong></span> <span class='ocrx_word' id='word_1_84' title='bbox 566 2418 808 2487; x_wconf 84' lang='lat' dir='ltr'><strong>animadvertit:</strong></span> <span class='ocrx_word' id='word_1_85' title='bbox 837 2419 922 2506; x_wconf 92' lang='lat' dir='ltr'><strong>quod</strong></span> <span class='ocrx_word' id='word_1_86' title='bbox 945 2440 1020 2484; x_wconf 88' lang='lat' dir='ltr'><strong>vero</strong></span> <span class='ocrx_word' id='word_1_87' title='bbox 1033 2419 1103 2504; x_wconf 84' lang='lat' dir='ltr'><strong>ipse</strong></span> <span class='ocrx_word' id='word_1_88' title='bbox 1125 2419 1260 2485; x_wconf 88' lang='lat' dir='ltr'><strong>oonieoit</strong></span> <span class='ocrx_word' id='word_1_89' title='bbox 1278 2425 1380 2500; x_wconf 77' lang='lat' dir='ltr'><strong>secuero</strong></span> <span class='ocrx_word' id='word_1_90' title='bbox 1402 2441 1474 2487; x_wconf 88' lang='lat' dir='ltr'><strong>uum</strong></span> <span class='ocrx_word' id='word_1_91' title='bbox 1493 2439 1575 2506; x_wconf 85' lang='lat' dir='ltr'><strong>pree·</strong></span> 
     </span>
     <span class='ocr_line' id='line_1_15' title="bbox 483 2534 1575 2622; baseline 0 -22"><span class='ocrx_word' id='word_1_92' title='bbox 483 2534 618 2601; x_wconf 77' lang='lat' dir='ltr'><strong>cedente</strong></span> <span class='ocrx_word' id='word_1_93' title='bbox 639 2557 737 2602; x_wconf 87' lang='lat' dir='ltr'><strong>sensu</strong></span> <span class='ocrx_word' id='word_1_94' title='bbox 758 2558 822 2602; x_wconf 89' lang='lat' dir='ltr'><strong>non</strong></span> <span class='ocrx_word' id='word_1_95' title='bbox 846 2537 925 2602; x_wconf 83' lang='lat' dir='ltr'><strong>satis</strong></span> <span class='ocrx_word' id='word_1_96' title='bbox 945 2543 1021 2622; x_wconf 88' lang='lat' dir='ltr'><strong>apte</strong></span> <span class='ocrx_word' id='word_1_97' title='bbox 1042 2537 1247 2602; x_wconf 89' lang='lat' dir='ltr'><strong>ooniunotum</strong></span> <span class='ocrx_word' id='word_1_98' title='bbox 1269 2544 1326 2604; x_wconf 85' lang='lat' dir='ltr'><strong>est.</strong></span> <span class='ocrx_word' id='word_1_99' title='bbox 1348 2539 1468 2604; x_wconf 87' lang='lat' dir='ltr'><strong>Durius</strong></span> <span class='ocrx_word' id='word_1_100' title='bbox 1491 2537 1575 2602; x_wconf 88' lang='lat' dir='ltr'><strong>etiam</strong></span> 
     </span>
     <span class='ocr_line' id='line_1_16' title="bbox 482 2652 1576 2742; baseline -0.001 -25"><span class='ocrx_word' id='word_1_101' title='bbox 482 2654 579 2717; x_wconf 85' lang='lat' dir='ltr'><strong>lanus</strong></span> <span class='ocrx_word' id='word_1_102' title='bbox 602 2661 901 2719; x_wconf 77' lang='lat' dir='ltr'><strong>omomentoriorum</strong></span> <span class='ocrx_word' id='word_1_103' title='bbox 922 2659 956 2719; x_wconf 80' lang='lat' dir='ltr'><strong>id</strong></span> <span class='ocrx_word' id='word_1_104' title='bbox 976 2675 1051 2720; x_wconf 85' lang='lat' dir='ltr'><strong>euru</strong></span> <span class='ocrx_word' id='word_1_105' title='bbox 1064 2675 1123 2718; x_wconf 89' lang='lat' dir='ltr'><strong>neo</strong></span> <span class='ocrx_word' id='word_1_106' title='bbox 1145 2655 1223 2740; x_wconf 86' lang='lat' dir='ltr'><strong>satis</strong></span> <span class='ocrx_word' id='word_1_107' title='bbox 1245 2655 1410 2738; x_wconf 90' lang='lat' dir='ltr'><strong>oonoinne,</strong></span> <span class='ocrx_word' id='word_1_108' title='bbox 1438 2675 1529 2742; x_wconf 82' lang='lat' dir='ltr'><strong>qurum</strong></span> <span class='ocrx_word' id='word_1_109' title='bbox 1548 2652 1576 2716; x_wconf 89' lang='lat' dir='ltr'><strong>hi</strong></span> 
     </span>
     <span class='ocr_line' id='line_1_17' title="bbox 482 2769 1595 2860; baseline -0.003 -23"><span class='ocrx_word' id='word_1_110' title='bbox 482 2771 647 2838; x_wconf 81' lang='lat' dir='ltr'><strong>vocabulis</strong></span> <span class='ocrx_word' id='word_1_111' title='bbox 681 2794 787 2855; x_wconf 90' lang='lat' dir='ltr'><strong>,suum</strong></span> <span class='ocrx_word' id='word_1_112' title='bbox 809 2773 923 2860; x_wconf 87' lang='lat' dir='ltr'><strong>ouique</strong></span> <span class='ocrx_word' id='word_1_113' title='bbox 950 2772 1126 2838; x_wconf 85' lang='lat' dir='ltr'><strong>eonsilium‘</strong></span> <span class='ocrx_word' id='word_1_114' title='bbox 1161 2772 1478 2858; x_wconf 83' lang='lat' dir='ltr'><strong>comprehendantur,</strong></span> <span class='ocrx_word' id='word_1_115' title='bbox 1492 2777 1521 2837; x_wconf 92' lang='lat' dir='ltr'><strong>et</strong></span> <span class='ocrx_word' id='word_1_116' title='bbox 1540 2769 1595 2835; x_wconf 91' lang='lat' dir='ltr'><strong>de·</strong></span> 
     </span>
     <span class='ocr_line' id='line_1_18' title="bbox 482 2888 1574 2977; baseline -0.002 -23"><span class='ocrx_word' id='word_1_117' title='bbox 482 2890 670 2975; x_wconf 80' lang='lat' dir='ltr'><strong>pecudibus,</strong></span> <span class='ocrx_word' id='word_1_118' title='bbox 692 2912 757 2956; x_wconf 93' lang='lat' dir='ltr'><strong>non</strong></span> <span class='ocrx_word' id='word_1_119' title='bbox 780 2891 820 2955; x_wconf 91' lang='lat' dir='ltr'><strong>de</strong></span> <span class='ocrx_word' id='word_1_120' title='bbox 841 2890 1001 2977; x_wconf 83' lang='lat' dir='ltr'><strong>peouanis</strong></span> <span class='ocrx_word' id='word_1_121' title='bbox 1024 2899 1148 2975; x_wconf 84' lang='lat' dir='ltr'><strong>agetur.</strong></span> <span class='ocrx_word' id='word_1_122' title='bbox 1190 2891 1340 2956; x_wconf 86' lang='lat' dir='ltr'><strong>Praestat</strong></span> <span class='ocrx_word' id='word_1_123' title='bbox 1360 2893 1425 2957; x_wconf 90' lang='lat' dir='ltr'><strong>leni</strong></span> <span class='ocrx_word' id='word_1_124' title='bbox 1446 2888 1574 2957; x_wconf 88' lang='lat' dir='ltr'><strong>remedio</strong></span> 
     </span>
     <span class='ocr_line' id='line_1_19' title="bbox 482 3002 1460 3074; baseline 0.008 -2"><span class='ocrx_word' id='word_1_125' title='bbox 482 3008 637 3074; x_wconf 85' lang='lat' dir='ltr'><strong>seribere:</strong></span> <span class='ocrx_word' id='word_1_126' title='bbox 1455 3002 1460 3009; x_wconf 69' lang='grc'><strong>’</strong></span> 
     </span>
    </p>

    <p class='ocr_par' dir='ltr' id='par_1_7' title="bbox 484 3125 1223 3329">
     <span class='ocr_line' id='line_1_20' title="bbox 523 3125 1002 3201; baseline -0.008 -9"><span class='ocrx_word' id='word_1_127' title='bbox 523 3137 727 3193; x_wconf 68' lang='lat' dir='ltr'><strong>artemonem</strong></span> <span class='ocrx_word' id='word_1_128' title='bbox 747 3130 833 3201; x_wconf 79' lang='lat' dir='ltr'><strong>ideo</strong></span> <span class='ocrx_word' id='word_1_129' title='bbox 855 3143 931 3190; x_wconf 81' lang='lat' dir='ltr'><strong>earo</strong></span> <span class='ocrx_word' id='word_1_130' title='bbox 945 3125 1002 3189; x_wconf 86' lang='lat' dir='ltr'><strong>rel.</strong></span> 
     </span>
     <span class='ocr_line' id='line_1_21' title="bbox 484 3241 1223 3329; baseline -0.008 -16"><span class='ocrx_word' id='word_1_131' title='bbox 484 3245 512 3329; x_wconf 65' lang='grc' dir='ltr'><strong>ξ.</strong></span> <span class='ocrx_word' id='word_1_132' title='bbox 534 3244 596 3313; x_wconf 83' lang='grc'><strong>265</strong></span> <span class='ocrx_word' id='word_1_133' title='bbox 618 3249 650 3310; x_wconf 88' lang='lat' dir='ltr'><strong>et</strong></span> <span class='ocrx_word' id='word_1_134' title='bbox 670 3243 734 3313; x_wconf 85' lang='grc'><strong>266</strong></span> <span class='ocrx_word' id='word_1_135' title='bbox 755 3242 853 3307; x_wconf 90' lang='lat' dir='ltr'><strong>Ianus</strong></span> <span class='ocrx_word' id='word_1_136' title='bbox 875 3241 1001 3308; x_wconf 86' lang='lat' dir='ltr'><strong>videtur</strong></span> <span class='ocrx_word' id='word_1_137' title='bbox 1023 3241 1223 3308; x_wconf 74' lang='lat' dir='ltr'><strong>emendasse.</strong></span> 
     </span>
    </p>
   </div>
   <div class='ocr_carea' id='block_1_6' title="bbox 401 3426 1576 3777">
    <p class='ocr_par' dir='ltr' id='par_1_8' title="bbox 401 3426 1576 3777">
     <span class='ocr_line' id='line_1_22' title="bbox 401 3426 1169 3525; baseline 0.01 -23"><span class='ocrx_word' id='word_1_138' title='bbox 401 3434 463 3504; x_wconf 81' lang='grc'><strong>375</strong></span> <span class='ocrx_word' id='word_1_139' title='bbox 903 3435 977 3511; x_wconf 81' lang='grc'><strong>288</strong></span> <span class='ocrx_word' id='word_1_140' title='bbox 989 3465 1034 3499; x_wconf 91' lang='lat'><strong><em>=</em></strong></span> <span class='ocrx_word' id='word_1_141' title='bbox 1048 3426 1169 3525; x_wconf 47' lang='lat'><strong>22⁶⁹.</strong></span> 
     </span>
     <span class='ocr_line' id='line_1_23' title="bbox 533 3561 1576 3663; baseline -0.003 -22"><span class='ocrx_word' id='word_1_142' title='bbox 533 3561 717 3663; x_wconf 82' lang='lat' dir='ltr'><strong>Equidem</strong></span> <span class='ocrx_word' id='word_1_143' title='bbox 743 3570 781 3643; x_wconf 87' lang='lat' dir='ltr'><strong>et</strong></span> <span class='ocrx_word' id='word_1_144' title='bbox 805 3562 1001 3645; x_wconf 78' lang='lat' dir='ltr'><strong>solstitium</strong></span> <span class='ocrx_word' id='word_1_145' title='bbox 1028 3562 1122 3645; x_wconf 85' lang='lat' dir='ltr'><strong>thl.</strong></span> <span class='ocrx_word' id='word_1_146' title='bbox 1140 3562 1212 3641; x_wconf 81' lang='lat' dir='ltr'><strong>kal.</strong></span> <span class='ocrx_word' id='word_1_147' title='bbox 1227 3562 1336 3643; x_wconf 87' lang='lat' dir='ltr'><strong>iulias</strong></span> <span class='ocrx_word' id='word_1_148' title='bbox 1352 3562 1459 3643; x_wconf 87' lang='lat' dir='ltr'><strong>simili</strong></span> <span class='ocrx_word' id='word_1_149' title='bbox 1477 3581 1576 3639; x_wconf 84' lang='lat' dir='ltr'><strong>eausa</strong></span> 
     </span>
     <span class='ocr_line' id='line_1_24' title="bbox 534 3696 714 3777; baseline 0.022 -4"><span class='ocrx_word' id='word_1_150' title='bbox 534 3696 714 3777; x_wconf 84' lang='lat' dir='ltr'><strong>duxerim.</strong></span> 
     </span>
    </p>
   </div>
   <div class='ocr_carea' id='block_1_7' title="bbox 475 3826 1575 4153">
    <p class='ocr_par' dir='ltr' id='par_1_9' title="bbox 475 3826 1575 4153">
     <span class='ocr_line' id='line_1_25' title="bbox 568 3826 1575 3915; baseline -0.009 -21"><span class='ocrx_word' id='word_1_151' title='bbox 568 3828 650 3895; x_wconf 79' lang='lat' dir='ltr'><strong>Cum</strong></span> <span class='ocrx_word' id='word_1_152' title='bbox 672 3850 692 3894; x_wconf 87' lang='lat' dir='ltr'><strong>a</strong></span> <span class='ocrx_word' id='word_1_153' title='bbox 714 3836 747 3896; x_wconf 90' lang='lat' dir='ltr'><strong>et</strong></span> <span class='ocrx_word' id='word_1_154' title='bbox 768 3828 866 3895; x_wconf 87' lang='lat' dir='ltr'><strong>eohol.</strong></span> <span class='ocrx_word' id='word_1_155' title='bbox 890 3828 1040 3897; x_wconf 84' lang='lat' dir='ltr'><strong>German.</strong></span> <span class='ocrx_word' id='word_1_156' title='bbox 1071 3826 1244 3915; x_wconf 85' lang='lat' dir='ltr'><strong>legendum</strong></span> <span class='ocrx_word' id='word_1_157' title='bbox 1265 3833 1315 3892; x_wconf 90' lang='lat' dir='ltr'><strong>est</strong></span> <span class='ocrx_word' id='word_1_158' title='bbox 1337 3834 1368 3892; x_wconf 83' lang='lat' dir='ltr'><strong>in</strong></span> <span class='ocrx_word' id='word_1_159' title='bbox 1390 3833 1490 3910; x_wconf 76' lang='lat' dir='ltr'><strong>simili,</strong></span> <span class='ocrx_word' id='word_1_160' title='bbox 1523 3840 1575 3909; x_wconf 89' lang='lat' dir='ltr'><strong>quo</strong></span> 
     </span>
     <span class='ocr_line' id='line_1_26' title="bbox 475 3942 1575 4041; baseline -0.009 -28"><span class='ocrx_word' id='word_1_161' title='bbox 475 3947 580 4041; x_wconf 63' lang='lat' dir='ltr'><strong>umodo</strong></span> <span class='ocrx_word' id='word_1_162' title='bbox 614 3948 729 4015; x_wconf 83' lang='lat' dir='ltr'><strong>eadem</strong></span> <span class='ocrx_word' id='word_1_163' title='bbox 757 3947 953 4033; x_wconf 69' lang='lat' dir='ltr'><strong>praepositio</strong></span> <span class='ocrx_word' id='word_1_164' title='bbox 980 3946 1086 4011; x_wconf 88' lang='lat' dir='ltr'>XVII.</span> <span class='ocrx_word' id='word_1_165' title='bbox 1108 3946 1171 4014; x_wconf 80' lang='lat'><strong>222</strong></span> <span class='ocrx_word' id='word_1_166' title='bbox 1201 3951 1382 4033; x_wconf 79' lang='lat' dir='ltr'><strong>usurpatur.</strong></span> <span class='ocrx_word' id='word_1_167' title='bbox 1426 3945 1500 4011; x_wconf 82' lang='lat' dir='ltr'><strong>Alia</strong></span> <span class='ocrx_word' id='word_1_168' title='bbox 1518 3942 1575 4007; x_wconf 88' lang='lat' dir='ltr'><strong>eius</strong></span> 
     </span>
     <span class='ocr_line' id='line_1_27' title="bbox 484 4062 1222 4153; baseline -0.004 -24"><span class='ocrx_word' id='word_1_169' title='bbox 484 4087 563 4131; x_wconf 87' lang='lat' dir='ltr'><strong>usus</strong></span> <span class='ocrx_word' id='word_1_170' title='bbox 587 4066 737 4153; x_wconf 86' lang='lat' dir='ltr'><strong>exempla</strong></span> <span class='ocrx_word' id='word_1_171' title='bbox 758 4064 967 4151; x_wconf 81' lang='lat' dir='ltr'><strong>Grasberger.</strong></span> <span class='ocrx_word' id='word_1_172' title='bbox 990 4085 1022 4149; x_wconf 85' lang='lat' dir='ltr'><strong>p.</strong></span> <span class='ocrx_word' id='word_1_173' title='bbox 1044 4063 1085 4131; x_wconf 87' lang='grc'><strong>60</strong></span> <span class='ocrx_word' id='word_1_174' title='bbox 1108 4062 1222 4127; x_wconf 86' lang='lat' dir='ltr'><strong>attulit.</strong></span> 
     </span>
    </p>
   </div>
   <div class='ocr_carea' id='block_1_8' title="bbox 535 4200 1575 4564">
    <p class='ocr_par' dir='ltr' id='par_1_10' title="bbox 535 4200 1575 4564">
     <span class='ocr_line' id='line_1_28' title="bbox 817 4200 1175 4290; baseline -0.003 -13"><span class='ocrx_word' id='word_1_175' title='bbox 817 4220 821 4225; x_wconf 84' lang='lat'>&#39;</span> <span class='ocrx_word' id='word_1_176' title='bbox 909 4204 982 4277; x_wconf 82' lang='lat'><strong>295</strong></span> <span class='ocrx_word' id='word_1_177' title='bbox 996 4228 1041 4263; x_wconf 91' lang='lat'>=</span> <span class='ocrx_word' id='word_1_178' title='bbox 1054 4200 1175 4290; x_wconf 58' lang='lat'><strong>2931.</strong></span> 
     </span>
     <span class='ocr_line' id='line_1_29' title="bbox 537 4318 1575 4432; baseline -0.011 -21"><span class='ocrx_word' id='word_1_179' title='bbox 537 4330 660 4432; x_wconf 88' lang='lat' dir='ltr'><strong>Opera</strong></span> <span class='ocrx_word' id='word_1_180' title='bbox 698 4330 835 4409; x_wconf 86' lang='lat' dir='ltr'><strong>rustioa</strong></span> <span class='ocrx_word' id='word_1_181' title='bbox 871 4330 981 4409; x_wconf 92' lang='lat' dir='ltr'><strong>huius</strong></span> <span class='ocrx_word' id='word_1_182' title='bbox 1025 4327 1210 4408; x_wconf 86' lang='lat' dir='ltr'><strong>intervalli</strong></span> <span class='ocrx_word' id='word_1_183' title='bbox 1236 4391 1243 4407; x_wconf 91' lang='lat'><strong>.</strong></span> <span class='ocrx_word' id='word_1_184' title='bbox 1271 4385 1280 4406; x_wconf 85' lang='lat'><strong>.</strong></span> <span class='ocrx_word' id='word_1_185' title='bbox 1309 4386 1318 4407; x_wconf 83' lang='lat'><strong>.</strong></span> <span class='ocrx_word' id='word_1_186' title='bbox 1348 4340 1503 4407; x_wconf 77' lang='lat' dir='ltr'><strong>,aream</strong></span> <span class='ocrx_word' id='word_1_187' title='bbox 1537 4318 1575 4399; x_wconf 89' lang='lat' dir='ltr'><strong>ad</strong></span> 
     </span>
     <span class='ocr_line' id='line_1_30' title="bbox 535 4448 1575 4564; baseline -0.01 -23"><span class='ocrx_word' id='word_1_188' title='bbox 535 4486 695 4541; x_wconf 89' lang='lat' dir='ltr'><strong>messem</strong></span> <span class='ocrx_word' id='word_1_189' title='bbox 712 4468 812 4540; x_wconf 87' lang='lat' dir='ltr'><strong>oreta</strong></span> <span class='ocrx_word' id='word_1_190' title='bbox 827 4484 1056 4564; x_wconf 86' lang='lat' dir='ltr'><strong>praeparare,</strong></span> <span class='ocrx_word' id='word_1_191' title='bbox 1073 4460 1234 4540; x_wconf 77' lang='lat' dir='ltr'><strong>Catonis</strong></span> <span class='ocrx_word' id='word_1_192' title='bbox 1248 4462 1432 4539; x_wconf 86' lang='lat' dir='ltr'><strong>sententie</strong></span> <span class='ocrx_word' id='word_1_193' title='bbox 1445 4448 1575 4538; x_wconf 78' lang='lat' dir='ltr'><strong>amuroa</strong></span> 
     </span>
    </p>
   </div>
   <div class='ocr_carea' id='block_1_9' title="bbox 488 4592 1575 4813">
    <p class='ocr_par' dir='ltr' id='par_1_11' title="bbox 488 4592 1575 4813">
     <span class='ocr_line' id='line_1_31' title="bbox 537 4592 1204 4697; baseline -0.003 -24"><span class='ocrx_word' id='word_1_194' title='bbox 537 4602 788 4697; x_wconf 87' lang='lat' dir='ltr'><strong>temperatam,</strong></span> <span class='ocrx_word' id='word_1_195' title='bbox 816 4592 972 4695; x_wconf 84' lang='lat' dir='ltr'><strong>Vergilii</strong></span> <span class='ocrx_word' id='word_1_196' title='bbox 999 4592 1204 4695; x_wconf 71' lang='lat' dir='ltr'><strong>operosius,</strong></span> 
     </span>
     <span class='ocr_line' id='line_1_32' title="bbox 488 4716 1575 4813; baseline -0.01 -20"><span class='ocrx_word' id='word_1_197' title='bbox 488 4732 533 4795; x_wconf 84' lang='lat' dir='ltr'><strong>od</strong></span> <span class='ocrx_word' id='word_1_198' title='bbox 550 4745 611 4794; x_wconf 84' lang='lat' dir='ltr'><strong>om.</strong></span> <span class='ocrx_word' id='word_1_199' title='bbox 633 4728 666 4793; x_wconf 89' lang='lat' dir='ltr'><strong>ln</strong></span> <span class='ocrx_word' id='word_1_200' title='bbox 688 4723 781 4794; x_wconf 84' lang='lat' dir='ltr'><strong>oodd.</strong></span> <span class='ocrx_word' id='word_1_201' title='bbox 803 4725 857 4793; x_wconf 85' lang='lat' dir='ltr'><strong>ad</strong></span> <span class='ocrx_word' id='word_1_202' title='bbox 880 4724 1012 4813; x_wconf 84' lang='lat' dir='ltr'><strong>(reliqui</strong></span> <span class='ocrx_word' id='word_1_203' title='bbox 1034 4725 1110 4813; x_wconf 92' lang='lat' dir='ltr'><strong>quid</strong></span> <span class='ocrx_word' id='word_1_204' title='bbox 1130 4724 1272 4793; x_wconf 78' lang='lat' dir='ltr'><strong>habeant</strong></span> <span class='ocrx_word' id='word_1_205' title='bbox 1293 4744 1358 4791; x_wconf 90' lang='lat' dir='ltr'><strong>non</strong></span> <span class='ocrx_word' id='word_1_206' title='bbox 1380 4722 1516 4805; x_wconf 84' lang='lat' dir='ltr'><strong>oonstet)</strong></span> <span class='ocrx_word' id='word_1_207' title='bbox 1531 4716 1575 4782; x_wconf 83' lang='lat' dir='ltr'><strong>de·</strong></span> 
     </span>
    </p>
   </div>
   <div class='ocr_carea' id='block_1_10' title="bbox 404 4270 466 4340">
    <p class='ocr_par' dir='ltr' id='par_1_12' title="bbox 404 4270 466 4340">
     <span class='ocr_line' id='line_1_33' title="bbox 404 4270 466 4340; baseline 0 -1"><span class='ocrx_word' id='word_1_208' title='bbox 404 4270 466 4340; x_wconf 80' lang='lat'><strong>376</strong></span> 
     </span>
    </p>
   </div>
   <div class='ocr_carea' id='block_1_11' title="bbox 0 0 1854 5625">
    <p class='ocr_par' dir='ltr' id='par_1_13' title="bbox 0 0 1854 5625">
     <span class='ocr_line' id='line_1_34' title="bbox 0 0 1854 5625; baseline 0 0"><span class='ocrx_word' id='word_1_209' title='bbox 0 0 1854 5625; x_wconf 95' lang='lat' dir='ltr'><strong> </strong></span> 
     </span>
    </p>
   </div>
  </div>
 </body>
</html>
