<?xml version="1.0" encoding="UTF-8"?>
<!DOCTYPE html PUBLIC "-//W3C//DTD XHTML 1.0 Transitional//EN"
    "http://www.w3.org/TR/xhtml1/DTD/xhtml1-transitional.dtd">
<html xmlns="http://www.w3.org/1999/xhtml" xml:lang="en" lang="en">
 <head>
  <title>
</title>
<meta http-equiv="Content-Type" content="text/html;charset=utf-8" />
  <meta name='ocr-system' content='tesseract 3.04.00' />
  <meta name='ocr-capabilities' content='ocr_page ocr_carea ocr_par ocr_line ocrx_word'/>
</head>
<body>
  <div class='ocr_page' id='page_1' title='image "./vindiciaeplinia01urligoog/vindiciaeplinia01urligoog_0275.png"; bbox 0 0 3700 5625; ppageno 0'>
   <div class='ocr_carea' id='block_1_1' title="bbox 719 771 1374 870">
    <p class='ocr_par' dir='ltr' id='par_1_1' title="bbox 719 771 1374 870">
     <span class='ocr_line' id='line_1_1' title="bbox 719 771 1374 870; baseline 0.005 -9"><span class='ocrx_word' id='word_1_1' title='bbox 719 771 811 862; x_wconf 77' lang='lat' dir='ltr'><strong>iuer</strong></span> <span class='ocrx_word' id='word_1_2' title='bbox 831 800 923 870; x_wconf 74' lang='lat' dir='ltr'><strong>arr.</strong></span> <span class='ocrx_word' id='word_1_3' title='bbox 1147 820 1151 829; x_wconf 94' lang='lat'><strong>·</strong></span> <span class='ocrx_word' id='word_1_4' title='bbox 1333 797 1374 865; x_wconf 83' lang='lat' dir='ltr'><strong>ee</strong></span> 
     </span>
    </p>
   </div>
   <div class='ocr_carea' id='block_1_2' title="bbox 280 963 1485 4162">
    <p class='ocr_par' dir='ltr' id='par_1_2' title="bbox 280 963 1485 4162">
     <span class='ocr_line' id='line_1_2' title="bbox 284 963 1373 1078; baseline 0.001 -23"><span class='ocrx_word' id='word_1_5' title='bbox 284 998 414 1055; x_wconf 90' lang='lat' dir='ltr'><strong>mentum</strong></span> <span class='ocrx_word' id='word_1_6' title='bbox 439 991 479 1055; x_wconf 90' lang='lat' dir='ltr'><strong>de</strong></span> <span class='ocrx_word' id='word_1_7' title='bbox 500 997 638 1057; x_wconf 73' lang='lat' dir='ltr'><strong>remediis</strong></span> <span class='ocrx_word' id='word_1_8' title='bbox 659 999 844 1057; x_wconf 69' lang='lat' dir='ltr'><strong>certatoribus</strong></span> <span class='ocrx_word' id='word_1_9' title='bbox 865 993 1040 1078; x_wconf 86' lang='lat' dir='ltr'><strong>praecellit,</strong></span> <span class='ocrx_word' id='word_1_10' title='bbox 1074 963 1293 1078; x_wconf 76' lang='lat' dir='ltr'><strong>quodlitteris</strong></span> <span class='ocrx_word' id='word_1_11' title='bbox 1314 1013 1373 1056; x_wconf 92' lang='lat' dir='ltr'><strong>un·</strong></span> 
     </span>
     <span class='ocr_line' id='line_1_3' title="bbox 281 1107 1435 1204; baseline 0 -31"><span class='ocrx_word' id='word_1_12' title='bbox 281 1107 405 1173; x_wconf 85' lang='lat' dir='ltr'><strong>cialibus</strong></span> <span class='ocrx_word' id='word_1_13' title='bbox 425 1129 510 1173; x_wconf 89' lang='lat' dir='ltr'><strong>saec.</strong></span> <span class='ocrx_word' id='word_1_14' title='bbox 532 1109 600 1174; x_wconf 84' lang='lat' dir='ltr'><strong>iere</strong></span> <span class='ocrx_word' id='word_1_15' title='bbox 624 1110 758 1195; x_wconf 91' lang='lat' dir='ltr'><strong>septimo</strong></span> <span class='ocrx_word' id='word_1_16' title='bbox 782 1111 933 1195; x_wconf 85' lang='lat' dir='ltr'><strong>scripturn</strong></span> <span class='ocrx_word' id='word_1_17' title='bbox 956 1109 1143 1174; x_wconf 80' lang='lat' dir='ltr'><strong>aSalmaeio</strong></span> <span class='ocrx_word' id='word_1_18' title='bbox 1157 1110 1294 1194; x_wconf 90' lang='lat' dir='ltr'><strong>primum</strong></span> <span class='ocrx_word' id='word_1_19' title='bbox 1317 1109 1373 1173; x_wconf 88' lang='lat' dir='ltr'><strong>ad·</strong></span> <span class='ocrx_word' id='word_1_20' title='bbox 1432 1195 1435 1204; x_wconf 19' lang='lat' dir='ltr'><em>A</em></span> 
     </span>
     <span class='ocr_line' id='line_1_4' title="bbox 281 1225 1374 1314; baseline 0.001 -25"><span class='ocrx_word' id='word_1_21' title='bbox 281 1225 422 1309; x_wconf 87' lang='lat' dir='ltr'><strong>bibitum,</strong></span> <span class='ocrx_word' id='word_1_22' title='bbox 437 1310 441 1314; x_wconf 12' lang='grc' dir='ltr'><strong>Α</strong></span> <span class='ocrx_word' id='word_1_23' title='bbox 456 1247 558 1312; x_wconf 86' lang='lat' dir='ltr'>nuper</span> <span class='ocrx_word' id='word_1_24' title='bbox 589 1247 609 1290; x_wconf 91' lang='lat' dir='ltr'><strong>a</strong></span> <span class='ocrx_word' id='word_1_25' title='bbox 640 1226 762 1312; x_wconf 81' lang='lat' dir='ltr'><strong>Silligio</strong></span> <span class='ocrx_word' id='word_1_26' title='bbox 790 1226 851 1293; x_wconf 89' lang='lat' dir='ltr'><strong>vol.</strong></span> <span class='ocrx_word' id='word_1_27' title='bbox 882 1227 921 1292; x_wconf 86' lang='lat' dir='ltr'><strong>V.</strong></span> <span class='ocrx_word' id='word_1_28' title='bbox 953 1248 984 1313; x_wconf 91' lang='lat' dir='ltr'><strong>p.</strong></span> <span class='ocrx_word' id='word_1_29' title='bbox 1007 1225 1106 1290; x_wconf 82' lang='lat' dir='ltr'>XXII</span> <span class='ocrx_word' id='word_1_30' title='bbox 1134 1232 1283 1292; x_wconf 86' lang='lat' dir='ltr'><strong>accurate</strong></span> <span class='ocrx_word' id='word_1_31' title='bbox 1320 1226 1374 1290; x_wconf 90' lang='lat' dir='ltr'><strong>de·</strong></span> 
     </span>
     <span class='ocr_line' id='line_1_5' title="bbox 282 1342 1373 1429; baseline 0.001 -23"><span class='ocrx_word' id='word_1_32' title='bbox 282 1344 422 1427; x_wconf 91' lang='lat' dir='ltr'><strong>scriptum</strong></span> <span class='ocrx_word' id='word_1_33' title='bbox 444 1343 565 1408; x_wconf 87' lang='lat' dir='ltr'><strong>editum</strong></span> <span class='ocrx_word' id='word_1_34' title='bbox 589 1352 646 1408; x_wconf 92' lang='lat' dir='ltr'><strong>est.</strong></span> <span class='ocrx_word' id='word_1_35' title='bbox 688 1343 736 1409; x_wconf 77' lang='lat' dir='ltr'><strong>Eo</strong></span> <span class='ocrx_word' id='word_1_36' title='bbox 760 1350 869 1410; x_wconf 90' lang='lat' dir='ltr'><strong>autem</strong></span> <span class='ocrx_word' id='word_1_37' title='bbox 882 1344 989 1429; x_wconf 88' lang='lat' dir='ltr'><strong>gravis</strong></span> <span class='ocrx_word' id='word_1_38' title='bbox 1012 1343 1081 1408; x_wconf 85' lang='lat' dir='ltr'><strong>eius</strong></span> <span class='ocrx_word' id='word_1_39' title='bbox 1103 1342 1276 1408; x_wconf 88' lang='lat' dir='ltr'><strong>auctoritas</strong></span> <span class='ocrx_word' id='word_1_40' title='bbox 1300 1364 1373 1408; x_wconf 92' lang='lat' dir='ltr'><strong>con·</strong></span> 
     </span>
     <span class='ocr_line' id='line_1_6' title="bbox 281 1439 1373 1546; baseline 0.001 -23"><span class='ocrx_word' id='word_1_41' title='bbox 281 1467 336 1524; x_wconf 89' lang='lat' dir='ltr'><strong>stat</strong></span> <span class='ocrx_word' id='word_1_42' title='bbox 355 1459 440 1546; x_wconf 89' lang='lat' dir='ltr'><strong>quod</strong></span> <span class='ocrx_word' id='word_1_43' title='bbox 467 1461 509 1525; x_wconf 89' lang='lat' dir='ltr'><strong>ad</strong></span> <span class='ocrx_word' id='word_1_44' title='bbox 537 1462 671 1526; x_wconf 89' lang='lat' dir='ltr'><strong>alteram</strong></span> <span class='ocrx_word' id='word_1_45' title='bbox 707 1460 853 1527; x_wconf 87' lang='lat' dir='ltr'><strong>codicum</strong></span> <span class='ocrx_word' id='word_1_46' title='bbox 873 1461 1093 1525; x_wconf 89' lang='lat' dir='ltr'><strong>Plinianorum</strong></span> <span class='ocrx_word' id='word_1_47' title='bbox 1122 1439 1275 1546; x_wconf 70' lang='lat' dir='ltr'><strong>familiam</strong></span> <span class='ocrx_word' id='word_1_48' title='bbox 1302 1481 1373 1545; x_wconf 90' lang='lat' dir='ltr'><strong>per·</strong></span> 
     </span>
     <span class='ocr_line' id='line_1_7' title="bbox 281 1577 1374 1666; baseline 0.002 -25"><span class='ocrx_word' id='word_1_49' title='bbox 281 1579 361 1661; x_wconf 81' lang='lat' dir='ltr'><strong>tinet,</strong></span> <span class='ocrx_word' id='word_1_50' title='bbox 382 1579 472 1642; x_wconf 90' lang='lat' dir='ltr'><strong>cuius</strong></span> <span class='ocrx_word' id='word_1_51' title='bbox 486 1579 602 1643; x_wconf 85' lang='lat' dir='ltr'><strong>eximia</strong></span> <span class='ocrx_word' id='word_1_52' title='bbox 615 1580 790 1666; x_wconf 79' lang='lat' dir='ltr'><strong>specimina</strong></span> <span class='ocrx_word' id='word_1_53' title='bbox 809 1579 842 1642; x_wconf 92' lang='lat' dir='ltr'><strong>in</strong></span> <span class='ocrx_word' id='word_1_54' title='bbox 863 1578 964 1642; x_wconf 87' lang='lat' dir='ltr'><strong>Monii</strong></span> <span class='ocrx_word' id='word_1_55' title='bbox 985 1577 1191 1662; x_wconf 74' lang='lat' dir='ltr'>palimpsesto</span> <span class='ocrx_word' id='word_1_56' title='bbox 1214 1577 1300 1641; x_wconf 93' lang='lat' dir='ltr'><strong>etin</strong></span> <span class='ocrx_word' id='word_1_57' title='bbox 1322 1599 1374 1643; x_wconf 92' lang='lat' dir='ltr'><strong>co·</strong></span> 
     </span>
     <span class='ocr_line' id='line_1_8' title="bbox 281 1693 1375 1780; baseline 0.002 -23"><span class='ocrx_word' id='word_1_58' title='bbox 281 1693 583 1780; x_wconf 90' lang='lat' dir='ltr'><strong>diceBambergensi</strong></span> <span class='ocrx_word' id='word_1_59' title='bbox 602 1697 676 1760; x_wconf 91' lang='lat' dir='ltr'><strong>etin</strong></span> <span class='ocrx_word' id='word_1_60' title='bbox 698 1696 767 1761; x_wconf 89' lang='lat' dir='ltr'><strong>cod.</strong></span> <span class='ocrx_word' id='word_1_61' title='bbox 780 1695 812 1760; x_wconf 81' lang='lat' dir='ltr'>A</span> <span class='ocrx_word' id='word_1_62' title='bbox 833 1702 866 1760; x_wconf 90' lang='lat' dir='ltr'><strong>et</strong></span> <span class='ocrx_word' id='word_1_63' title='bbox 886 1695 919 1759; x_wconf 92' lang='lat' dir='ltr'><strong>in</strong></span> <span class='ocrx_word' id='word_1_64' title='bbox 932 1693 979 1758; x_wconf 86' lang='lat' dir='ltr'><strong>D²</strong></span> <span class='ocrx_word' id='word_1_65' title='bbox 1000 1700 1128 1759; x_wconf 84' lang='lat' dir='ltr'><strong>servata</strong></span> <span class='ocrx_word' id='word_1_66' title='bbox 1150 1700 1233 1759; x_wconf 89' lang='lat' dir='ltr'><strong>sunt.</strong></span> <span class='ocrx_word' id='word_1_67' title='bbox 1254 1695 1375 1762; x_wconf 83' lang='lat' dir='ltr'><strong>Maiore</strong></span> 
     </span>
     <span class='ocr_line' id='line_1_9' title="bbox 280 1794 1374 1899; baseline 0.001 -25"><span class='ocrx_word' id='word_1_68' title='bbox 280 1818 377 1875; x_wconf 91' lang='lat' dir='ltr'><strong>tamen</strong></span> <span class='ocrx_word' id='word_1_69' title='bbox 393 1812 542 1877; x_wconf 79' lang='lat' dir='ltr'><strong>cautione</strong></span> <span class='ocrx_word' id='word_1_70' title='bbox 565 1832 644 1899; x_wconf 89' lang='lat' dir='ltr'><strong>opus</strong></span> <span class='ocrx_word' id='word_1_71' title='bbox 658 1819 716 1895; x_wconf 88' lang='lat' dir='ltr'><strong>est,</strong></span> <span class='ocrx_word' id='word_1_72' title='bbox 740 1832 811 1877; x_wconf 90' lang='lat' dir='ltr'><strong>cum</strong></span> <span class='ocrx_word' id='word_1_73' title='bbox 834 1818 867 1878; x_wconf 88' lang='lat' dir='ltr'><strong>et</strong></span> <span class='ocrx_word' id='word_1_74' title='bbox 888 1812 952 1876; x_wconf 91' lang='lat' dir='ltr'><strong>alia</strong></span> <span class='ocrx_word' id='word_1_75' title='bbox 972 1794 1131 1876; x_wconf 78' lang='lat' dir='ltr'><strong>iriterdum</strong></span> <span class='ocrx_word' id='word_1_76' title='bbox 1146 1831 1242 1898; x_wconf 90' lang='lat' dir='ltr'><strong>quam</strong></span> <span class='ocrx_word' id='word_1_77' title='bbox 1254 1812 1374 1876; x_wconf 87' lang='lat' dir='ltr'><strong>Plinius</strong></span> 
     </span>
     <span class='ocr_line' id='line_1_10' title="bbox 282 1919 1485 2018; baseline 0.001 -25"><span class='ocrx_word' id='word_1_78' title='bbox 282 1931 460 2015; x_wconf 87' lang='lat' dir='ltr'><strong>epitomator</strong></span> <span class='ocrx_word' id='word_1_79' title='bbox 480 1919 639 1994; x_wconf 71' lang='lat' dir='ltr'><strong>structura</strong></span> <span class='ocrx_word' id='word_1_80' title='bbox 660 1929 829 1995; x_wconf 88' lang='lat' dir='ltr'><strong>verborum</strong></span> <span class='ocrx_word' id='word_1_81' title='bbox 841 1935 949 1993; x_wconf 87' lang='lat' dir='ltr'><strong>utatur</strong></span> <span class='ocrx_word' id='word_1_82' title='bbox 963 1936 995 1994; x_wconf 91' lang='lat' dir='ltr'><strong>et</strong></span> <span class='ocrx_word' id='word_1_83' title='bbox 1016 1927 1374 1994; x_wconf 84' lang='lat' dir='ltr'><strong>foedissimaalibrario</strong></span> <span class='ocrx_word' id='word_1_84' title='bbox 1480 2001 1485 2018; x_wconf 21' lang='lat' dir='ltr'>x</span> 
     </span>
     <span class='ocr_line' id='line_1_11' title="bbox 281 2021 1375 2133; baseline 0.001 -23"><span class='ocrx_word' id='word_1_85' title='bbox 281 2047 538 2112; x_wconf 88' lang='lat' dir='ltr'><strong>mendaadmisea</strong></span> <span class='ocrx_word' id='word_1_86' title='bbox 552 2047 623 2110; x_wconf 87' lang='lat' dir='ltr'><strong>sint.</strong></span> <span class='ocrx_word' id='word_1_87' title='bbox 645 2046 759 2133; x_wconf 88' lang='lat' dir='ltr'><strong>Itaque</strong></span> <span class='ocrx_word' id='word_1_88' title='bbox 781 2046 842 2111; x_wconf 90' lang='lat' dir='ltr'><strong>hoc</strong></span> <span class='ocrx_word' id='word_1_89' title='bbox 863 2044 1043 2132; x_wconf 85' lang='lat' dir='ltr'><strong>fragmento</strong></span> <span class='ocrx_word' id='word_1_90' title='bbox 1056 2045 1089 2109; x_wconf 90' lang='lat' dir='ltr'><strong>in</strong></span> <span class='ocrx_word' id='word_1_91' title='bbox 1105 2044 1249 2110; x_wconf 76' lang='lat' dir='ltr'><strong>lium</strong></span> <span class='ocrx_word' id='word_1_92' title='bbox 1271 2021 1375 2111; x_wconf 79' lang='lat' dir='ltr'><strong>etXX</strong></span> 
     </span>
     <span class='ocr_line' id='line_1_12' title="bbox 280 2162 1374 2249; baseline 0 -23"><span class='ocrx_word' id='word_1_93' title='bbox 280 2164 320 2227; x_wconf 89' lang='lat' dir='ltr'><strong>ita</strong></span> <span class='ocrx_word' id='word_1_94' title='bbox 338 2164 524 2245; x_wconf 88' lang='lat' dir='ltr'><strong>innitemur,</strong></span> <span class='ocrx_word' id='word_1_95' title='bbox 551 2169 587 2226; x_wconf 91' lang='lat' dir='ltr'><strong>ut</strong></span> <span class='ocrx_word' id='word_1_96' title='bbox 608 2164 797 2249; x_wconf 82' lang='lat' dir='ltr'><strong>gravissima</strong></span> <span class='ocrx_word' id='word_1_97' title='bbox 818 2183 900 2249; x_wconf 90' lang='lat' dir='ltr'><strong>quae</strong></span> <span class='ocrx_word' id='word_1_98' title='bbox 922 2162 966 2227; x_wconf 92' lang='lat' dir='ltr'><strong>ibi</strong></span> <span class='ocrx_word' id='word_1_99' title='bbox 987 2163 1189 2248; x_wconf 89' lang='lat' dir='ltr'><strong>reperiuntur</strong></span> <span class='ocrx_word' id='word_1_100' title='bbox 1211 2163 1289 2228; x_wconf 87' lang='lat' dir='ltr'><strong>vitia</strong></span> <span class='ocrx_word' id='word_1_101' title='bbox 1309 2183 1374 2228; x_wconf 91' lang='lat' dir='ltr'><strong>non</strong></span> 
     </span>
     <span class='ocr_line' id='line_1_13' title="bbox 282 2261 1424 2366; baseline 0 -22"><span class='ocrx_word' id='word_1_102' title='bbox 282 2302 427 2362; x_wconf 81' lang='lat' dir='ltr'><strong>curemus,</strong></span> <span class='ocrx_word' id='word_1_103' title='bbox 450 2302 490 2346; x_wconf 91' lang='lat' dir='ltr'><strong>ea</strong></span> <span class='ocrx_word' id='word_1_104' title='bbox 511 2285 617 2344; x_wconf 90' lang='lat' dir='ltr'><strong>autem</strong></span> <span class='ocrx_word' id='word_1_105' title='bbox 642 2301 725 2366; x_wconf 90' lang='lat' dir='ltr'><strong>quae</strong></span> <span class='ocrx_word' id='word_1_106' title='bbox 747 2301 767 2344; x_wconf 91' lang='lat' dir='ltr'><strong>a</strong></span> <span class='ocrx_word' id='word_1_107' title='bbox 788 2281 902 2345; x_wconf 88' lang='lat' dir='ltr'><strong>ceteris</strong></span> <span class='ocrx_word' id='word_1_108' title='bbox 931 2301 1061 2366; x_wconf 88' lang='lat' dir='ltr'><strong>prorsus</strong></span> <span class='ocrx_word' id='word_1_109' title='bbox 1084 2279 1211 2345; x_wconf 87' lang='lat' dir='ltr'><strong>diversa</strong></span> <span class='ocrx_word' id='word_1_110' title='bbox 1231 2279 1375 2365; x_wconf 87' lang='lat' dir='ltr'><strong>praebet,</strong></span> <span class='ocrx_word' id='word_1_111' title='bbox 1421 2261 1424 2268; x_wconf 25' lang='lat'>¹</span> 
     </span>
     <span class='ocr_line' id='line_1_14' title="bbox 281 2396 1375 2485; baseline 0 -23"><span class='ocrx_word' id='word_1_112' title='bbox 281 2399 339 2464; x_wconf 85' lang='lat' dir='ltr'><strong>iere</strong></span> <span class='ocrx_word' id='word_1_113' title='bbox 359 2397 572 2485; x_wconf 81' lang='lat' dir='ltr'><strong>praeferenda</strong></span> <span class='ocrx_word' id='word_1_114' title='bbox 598 2418 669 2461; x_wconf 88' lang='lat' dir='ltr'><strong>esse</strong></span> <span class='ocrx_word' id='word_1_115' title='bbox 690 2397 925 2483; x_wconf 82' lang='lat' dir='ltr'><strong>intelligamus,</strong></span> <span class='ocrx_word' id='word_1_116' title='bbox 968 2417 1050 2484; x_wconf 90' lang='lat' dir='ltr'><strong>quae</strong></span> <span class='ocrx_word' id='word_1_117' title='bbox 1072 2397 1105 2461; x_wconf 96' lang='lat' dir='ltr'><strong>in</strong></span> <span class='ocrx_word' id='word_1_118' title='bbox 1126 2396 1375 2462; x_wconf 87' lang='lat' dir='ltr'><strong>chrestomathia</strong></span> 
     </span>
     <span class='ocr_line' id='line_1_15' title="bbox 282 2514 1376 2602; baseline -0.005 -17"><span class='ocrx_word' id='word_1_119' title='bbox 282 2538 308 2601; x_wconf 88' lang='lat' dir='ltr'><strong>p·</strong></span> <span class='ocrx_word' id='word_1_120' title='bbox 327 2517 385 2585; x_wconf 87' lang='lat'><strong>230</strong></span> <span class='ocrx_word' id='word_1_121' title='bbox 404 2521 558 2601; x_wconf 86' lang='lat' dir='ltr'><strong>excerpta</strong></span> <span class='ocrx_word' id='word_1_122' title='bbox 580 2521 654 2579; x_wconf 87' lang='lat' dir='ltr'><strong>sunt</strong></span> <span class='ocrx_word' id='word_1_123' title='bbox 678 2514 722 2579; x_wconf 91' lang='lat' dir='ltr'><strong>ibi</strong></span> <span class='ocrx_word' id='word_1_124' title='bbox 744 2516 1114 2602; x_wconf 81' lang='lat' dir='ltr'><strong>tantumrespioiamue,</strong></span> <span class='ocrx_word' id='word_1_125' title='bbox 1148 2535 1221 2602; x_wconf 83' lang='lat' dir='ltr'><strong>eum</strong></span> <span class='ocrx_word' id='word_1_126' title='bbox 1241 2515 1376 2598; x_wconf 84' lang='lat' dir='ltr'><strong>meliora</strong></span> 
     </span>
     <span class='ocr_line' id='line_1_16' title="bbox 281 2619 1374 2720; baseline 0.003 -27"><span class='ocrx_word' id='word_1_127' title='bbox 281 2651 331 2694; x_wconf 90' lang='lat' dir='ltr'><strong>nos</strong></span> <span class='ocrx_word' id='word_1_128' title='bbox 352 2631 464 2720; x_wconf 84' lang='lat' dir='ltr'><strong>afferre</strong></span> <span class='ocrx_word' id='word_1_129' title='bbox 486 2637 653 2716; x_wconf 85' lang='lat' dir='ltr'><strong>putemus,</strong></span> <span class='ocrx_word' id='word_1_130' title='bbox 697 2653 779 2718; x_wconf 91' lang='lat' dir='ltr'><strong>quae</strong></span> <span class='ocrx_word' id='word_1_131' title='bbox 799 2633 851 2698; x_wconf 86' lang='lat' dir='ltr'><strong>vel</strong></span> <span class='ocrx_word' id='word_1_132' title='bbox 872 2655 892 2698; x_wconf 91' lang='lat' dir='ltr'><strong>a</strong></span> <span class='ocrx_word' id='word_1_133' title='bbox 914 2633 981 2698; x_wconf 88' lang='lat' dir='ltr'><strong>Sill.</strong></span> <span class='ocrx_word' id='word_1_134' title='bbox 1015 2634 1066 2697; x_wconf 86' lang='lat' dir='ltr'><strong>vel</strong></span> <span class='ocrx_word' id='word_1_135' title='bbox 1097 2631 1137 2697; x_wconf 92' lang='lat' dir='ltr'><strong>ab</strong></span> <span class='ocrx_word' id='word_1_136' title='bbox 1159 2633 1237 2696; x_wconf 90' lang='lat' dir='ltr'><strong>lano</strong></span> <span class='ocrx_word' id='word_1_137' title='bbox 1266 2619 1374 2710; x_wconf 64' lang='lat' dir='ltr'><strong>emen:</strong></span> 
     </span>
     <span class='ocr_line' id='line_1_17' title="bbox 282 2737 1373 2837; baseline 0.006 -27"><span class='ocrx_word' id='word_1_138' title='bbox 282 2746 544 2833; x_wconf 76' lang='lat' dir='ltr'><strong>detondeantur,</strong></span> <span class='ocrx_word' id='word_1_139' title='bbox 564 2757 815 2837; x_wconf 82' lang='lat' dir='ltr'><strong>praetereamus.</strong></span> <span class='ocrx_word' id='word_1_140' title='bbox 851 2750 902 2815; x_wconf 88' lang='lat' dir='ltr'><strong>Ita</strong></span> <span class='ocrx_word' id='word_1_141' title='bbox 923 2751 952 2836; x_wconf 65' lang='grc'><strong>5.</strong></span> <span class='ocrx_word' id='word_1_142' title='bbox 975 2755 994 2817; x_wconf 86' lang='grc'><strong>2</strong></span> <span class='ocrx_word' id='word_1_143' title='bbox 1017 2756 1134 2831; x_wconf 82' lang='lat' dir='ltr'><strong>aliquos</strong></span> <span class='ocrx_word' id='word_1_144' title='bbox 1154 2737 1241 2815; x_wconf 84' lang='lat' dir='ltr'><strong>recte</strong></span> <span class='ocrx_word' id='word_1_145' title='bbox 1263 2771 1283 2815; x_wconf 91' lang='lat' dir='ltr'><strong>a</strong></span> <span class='ocrx_word' id='word_1_146' title='bbox 1306 2749 1373 2817; x_wconf 82' lang='lat' dir='ltr'><strong>Sili.</strong></span> 
     </span>
     <span class='ocr_line' id='line_1_18' title="bbox 283 2866 1373 2953; baseline 0.005 -24"><span class='ocrx_word' id='word_1_147' title='bbox 283 2866 366 2932; x_wconf 88' lang='lat' dir='ltr'><strong>scribi</strong></span> <span class='ocrx_word' id='word_1_148' title='bbox 388 2867 458 2931; x_wconf 89' lang='lat' dir='ltr'><strong>eod.</strong></span> <span class='ocrx_word' id='word_1_149' title='bbox 480 2866 527 2930; x_wconf 85' lang='lat' dir='ltr'><strong>D²</strong></span> <span class='ocrx_word' id='word_1_150' title='bbox 549 2867 788 2953; x_wconf 66' lang='lat' dir='ltr'><strong>comprobem,</strong></span> <span class='ocrx_word' id='word_1_151' title='bbox 821 2867 939 2933; x_wconf 90' lang='lat' dir='ltr'><strong>ibidem</strong></span> <span class='ocrx_word' id='word_1_152' title='bbox 962 2874 990 2951; x_wconf 67' lang='grc' dir='ltr'><strong>ξ.</strong></span> <span class='ocrx_word' id='word_1_153' title='bbox 1012 2870 1032 2935; x_wconf 84' lang='grc'>3</span> <span class='ocrx_word' id='word_1_154' title='bbox 1059 2873 1200 2949; x_wconf 77' lang='lat' dir='ltr'><strong>Marinus</strong></span> <span class='ocrx_word' id='word_1_155' title='bbox 1233 2868 1373 2934; x_wconf 89' lang='lat' dir='ltr'><strong>scriben-</strong></span> 
     </span>
     <span class='ocr_line' id='line_1_19' title="bbox 283 2982 1375 3071; baseline 0.003 -25"><span class='ocrx_word' id='word_1_156' title='bbox 283 2982 349 3047; x_wconf 87' lang='lat' dir='ltr'><strong>dum</strong></span> <span class='ocrx_word' id='word_1_157' title='bbox 368 2984 469 3049; x_wconf 82' lang='lat' dir='ltr'><strong>videri</strong></span> <span class='ocrx_word' id='word_1_158' title='bbox 490 2983 659 3049; x_wconf 86' lang='lat' dir='ltr'><strong>chrestom.</strong></span> <span class='ocrx_word' id='word_1_159' title='bbox 681 3006 712 3071; x_wconf 91' lang='lat' dir='ltr'><strong>p.</strong></span> <span class='ocrx_word' id='word_1_160' title='bbox 737 2984 801 3053; x_wconf 84' lang='lat'><strong>230</strong></span> <span class='ocrx_word' id='word_1_161' title='bbox 822 3006 882 3070; x_wconf 89' lang='lat' dir='ltr'><strong>ego</strong></span> <span class='ocrx_word' id='word_1_162' title='bbox 905 2986 1077 3067; x_wconf 87' lang='lat' dir='ltr'><strong>annotavi,</strong></span> <span class='ocrx_word' id='word_1_163' title='bbox 1103 3004 1284 3049; x_wconf 86' lang='lat' dir='ltr'><strong>-numerum</strong></span> <span class='ocrx_word' id='word_1_164' title='bbox 1302 2997 1375 3066; x_wconf 80' lang='lat' dir='ltr'><strong>post</strong></span> 
     </span>
     <span class='ocr_line' id='line_1_20' title="bbox 281 3100 1373 3189; baseline 0.004 -26"><span class='ocrx_word' id='word_1_165' title='bbox 281 3103 343 3165; x_wconf 84' lang='lat' dir='ltr'><strong>XV.</strong></span> <span class='ocrx_word' id='word_1_166' title='bbox 363 3101 514 3187; x_wconf 73' lang='lat' dir='ltr'><strong>vulgatae</strong></span> <span class='ocrx_word' id='word_1_167' title='bbox 531 3108 676 3181; x_wconf 81' lang='lat' dir='ltr'><strong>proxima</strong></span> <span class='ocrx_word' id='word_1_168' title='bbox 697 3102 771 3167; x_wconf 90' lang='lat' dir='ltr'><strong>ideo</strong></span> <span class='ocrx_word' id='word_1_169' title='bbox 793 3104 939 3188; x_wconf 65' lang='lat' dir='ltr'><strong>praemit,</strong></span> <span class='ocrx_word' id='word_1_170' title='bbox 962 3100 1048 3189; x_wconf 90' lang='lat' dir='ltr'><strong>quod</strong></span> <span class='ocrx_word' id='word_1_171' title='bbox 1067 3102 1214 3167; x_wconf 85' lang='lat' dir='ltr'><strong>Valerius</strong></span> <span class='ocrx_word' id='word_1_172' title='bbox 1230 3101 1373 3168; x_wconf 88' lang='lat' dir='ltr'><strong>Marinus</strong></span> 
     </span>
     <span class='ocr_line' id='line_1_21' title="bbox 281 3216 1374 3306; baseline 0.005 -26"><span class='ocrx_word' id='word_1_173' title='bbox 281 3216 536 3284; x_wconf 79' lang='lat' dir='ltr'><strong>aDOOOXXlI.</strong></span> <span class='ocrx_word' id='word_1_174' title='bbox 558 3239 578 3282; x_wconf 89' lang='lat' dir='ltr'><strong>a</strong></span> <span class='ocrx_word' id='word_1_175' title='bbox 598 3218 710 3285; x_wconf 83' lang='lat' dir='ltr'><strong>Tacito</strong></span> <span class='ocrx_word' id='word_1_176' title='bbox 731 3218 804 3286; x_wconf 88' lang='lat' dir='ltr'><strong>hist.</strong></span> <span class='ocrx_word' id='word_1_177' title='bbox 826 3221 867 3285; x_wconf 90' lang='grc' dir='ltr'><strong>Π.</strong></span> <span class='ocrx_word' id='word_1_178' title='bbox 889 3221 930 3288; x_wconf 81' lang='grc'><strong>71</strong></span> <span class='ocrx_word' id='word_1_179' title='bbox 953 3226 1236 3303; x_wconf 87' lang='lat' dir='ltr'><strong>commemoretur,</strong></span> <span class='ocrx_word' id='word_1_180' title='bbox 1264 3220 1374 3306; x_wconf 91' lang='lat' dir='ltr'><strong>itaque</strong></span> 
     </span>
     <span class='ocr_line' id='line_1_22' title="bbox 282 3322 1372 3424; baseline 0.002 -25"><span class='ocrx_word' id='word_1_181' title='bbox 282 3322 449 3419; x_wconf 87' lang='lat' dir='ltr'><strong>quindecim</strong></span> <span class='ocrx_word' id='word_1_182' title='bbox 462 3335 554 3400; x_wconf 91' lang='lat' dir='ltr'><strong>annis</strong></span> <span class='ocrx_word' id='word_1_183' title='bbox 567 3336 828 3422; x_wconf 89' lang='lat' dir='ltr'><strong>postBalbillum,</strong></span> <span class='ocrx_word' id='word_1_184' title='bbox 849 3337 1047 3424; x_wconf 86' lang='lat' dir='ltr'><strong>praelectum</strong></span> <span class='ocrx_word' id='word_1_185' title='bbox 1070 3338 1145 3401; x_wconf 89' lang='lat' dir='ltr'><strong>anni</strong></span> <span class='ocrx_word' id='word_1_186' title='bbox 1165 3335 1372 3402; x_wconf 83' lang='lat' dir='ltr'><strong>DOOOVIH.</strong></span> 
     </span>
     <span class='ocr_line' id='line_1_23' title="bbox 280 3449 1373 3542; baseline 0.005 -29"><span class='ocrx_word' id='word_1_187' title='bbox 280 3449 332 3516; x_wconf 86' lang='lat' dir='ltr'><strong>ie.</strong></span> <span class='ocrx_word' id='word_1_188' title='bbox 352 3451 683 3521; x_wconf 78' lang='lat' dir='ltr'><strong>annoDOOOXXHI.</strong></span> <span class='ocrx_word' id='word_1_189' title='bbox 710 3454 770 3532; x_wconf 89' lang='lat' dir='ltr'><strong>(ad</strong></span> <span class='ocrx_word' id='word_1_190' title='bbox 782 3453 1036 3540; x_wconf 84' lang='lat' dir='ltr'><strong>Vespasianum)</strong></span> <span class='ocrx_word' id='word_1_191' title='bbox 1059 3452 1092 3519; x_wconf 91' lang='lat' dir='ltr'><strong>in</strong></span> <span class='ocrx_word' id='word_1_192' title='bbox 1107 3457 1289 3542; x_wconf 88' lang='lat' dir='ltr'><strong>Aegyptum</strong></span> <span class='ocrx_word' id='word_1_193' title='bbox 1300 3476 1373 3541; x_wconf 94' lang='lat' dir='ltr'><strong>pro-</strong></span> 
     </span>
     <span class='ocr_line' id='line_1_24' title="bbox 281 3546 1372 3656; baseline 0.01 -27"><span class='ocrx_word' id='word_1_194' title='bbox 281 3566 370 3634; x_wconf 83' lang='lat' dir='ltr'><strong>iectus</strong></span> <span class='ocrx_word' id='word_1_195' title='bbox 397 3590 471 3635; x_wconf 90' lang='lat' dir='ltr'><strong>esse</strong></span> <span class='ocrx_word' id='word_1_196' title='bbox 493 3570 626 3636; x_wconf 86' lang='lat' dir='ltr'><strong>videtur.</strong></span> <span class='ocrx_word' id='word_1_197' title='bbox 658 3570 685 3656; x_wconf 70' lang='lat'><strong>§-</strong></span> <span class='ocrx_word' id='word_1_198' title='bbox 708 3572 730 3638; x_wconf 88' lang='grc'>4</span> <span class='ocrx_word' id='word_1_199' title='bbox 751 3574 847 3636; x_wconf 91' lang='lat' dir='ltr'><strong>Ianus</strong></span> <span class='ocrx_word' id='word_1_200' title='bbox 870 3592 888 3637; x_wconf 93' lang='lat' dir='ltr'><strong>e</strong></span> <span class='ocrx_word' id='word_1_201' title='bbox 911 3570 1003 3637; x_wconf 90' lang='lat' dir='ltr'><strong>codd.</strong></span> <span class='ocrx_word' id='word_1_202' title='bbox 1026 3594 1043 3637; x_wconf 94' lang='lat' dir='ltr'><strong>c</strong></span> <span class='ocrx_word' id='word_1_203' title='bbox 1079 3575 1316 3654; x_wconf 76' lang='lat' dir='ltr'><strong>(precelleret)</strong></span> <span class='ocrx_word' id='word_1_204' title='bbox 1340 3546 1372 3640; x_wconf 85' lang='lat' dir='ltr'><strong>et</strong></span> 
     </span>
     <span class='ocr_line' id='line_1_25' title="bbox 283 3678 1370 3776; baseline 0.008 -29"><span class='ocrx_word' id='word_1_205' title='bbox 283 3687 379 3751; x_wconf 85' lang='lat' dir='ltr'>er</span> <span class='ocrx_word' id='word_1_206' title='bbox 403 3688 487 3753; x_wconf 92' lang='lat' dir='ltr'><strong>bene</strong></span> <span class='ocrx_word' id='word_1_207' title='bbox 521 3688 647 3773; x_wconf 90' lang='lat' dir='ltr'><strong>scripsit</strong></span> <span class='ocrx_word' id='word_1_208' title='bbox 663 3696 858 3770; x_wconf 79' lang='lat' dir='ltr'><strong>procellosae.</strong></span> <span class='ocrx_word' id='word_1_209' title='bbox 901 3691 931 3753; x_wconf 87' lang='lat' dir='ltr'>A</span> <span class='ocrx_word' id='word_1_210' title='bbox 969 3691 1031 3776; x_wconf 71' lang='lat'><strong>§.4</strong></span> <span class='ocrx_word' id='word_1_211' title='bbox 1052 3678 1093 3754; x_wconf 78' lang='lat' dir='ltr'><strong>eir</strong></span> <span class='ocrx_word' id='word_1_212' title='bbox 1116 3692 1251 3776; x_wconf 84' lang='lat' dir='ltr'><strong>Apuleio</strong></span> <span class='ocrx_word' id='word_1_213' title='bbox 1274 3693 1370 3757; x_wconf 91' lang='lat' dir='ltr'><strong>corri-</strong></span> 
     </span>
     <span class='ocr_line' id='line_1_26' title="bbox 282 3805 673 3891; baseline 0.01 -24"><span class='ocrx_word' id='word_1_214' title='bbox 282 3805 373 3886; x_wconf 85' lang='lat' dir='ltr'><strong>genda</strong></span> <span class='ocrx_word' id='word_1_215' title='bbox 394 3812 452 3870; x_wconf 91' lang='lat' dir='ltr'><strong>est.</strong></span> <span class='ocrx_word' id='word_1_216' title='bbox 476 3805 609 3891; x_wconf 85' lang='lat' dir='ltr'><strong>Legitur</strong></span> <span class='ocrx_word' id='word_1_217' title='bbox 628 3806 673 3871; x_wconf 92' lang='lat' dir='ltr'><strong>ibi</strong></span> 
     </span>
     <span class='ocr_line' id='line_1_27' title="bbox 735 3911 898 4001; baseline 0 -16"><span class='ocrx_word' id='word_1_218' title='bbox 735 3911 898 4001; x_wconf 64' lang='grc' dir='ltr'><strong>4---·1,1ο</strong></span> 
     </span>
     <span class='ocr_line' id='line_1_28' title="bbox 320 4040 1459 4162; baseline 0.006 -46"><span class='ocrx_word' id='word_1_219' title='bbox 320 4040 466 4119; x_wconf 85' lang='lat' dir='ltr'><strong>herbam</strong></span> <span class='ocrx_word' id='word_1_220' title='bbox 493 4066 578 4120; x_wconf 89' lang='lat' dir='ltr'><strong>esse</strong></span> <span class='ocrx_word' id='word_1_221' title='bbox 617 4065 712 4142; x_wconf 88' lang='lat' dir='ltr'><strong>quae</strong></span> <span class='ocrx_word' id='word_1_222' title='bbox 740 4040 863 4120; x_wconf 87' lang='lat' dir='ltr'><strong>Gades</strong></span> <span class='ocrx_word' id='word_1_223' title='bbox 901 4043 950 4119; x_wconf 90' lang='lat' dir='ltr'><strong>ad</strong></span> <span class='ocrx_word' id='word_1_224' title='bbox 976 4042 1146 4133; x_wconf 81' lang='lat' dir='ltr'><strong>Herculis</strong></span> <span class='ocrx_word' id='word_1_225' title='bbox 1180 4041 1370 4123; x_wconf 87' lang='lat' dir='ltr'><strong>columnas</strong></span> <span class='ocrx_word' id='word_1_226' title='bbox 1385 4042 1459 4162; x_wconf 26' lang='lat'><strong>&#39;382¹</strong></span> 
     </span>
    </p>
   </div>
   <div class='ocr_carea' id='block_1_3' title="bbox 283 4174 1259 4396">
    <p class='ocr_par' dir='ltr' id='par_1_3' title="bbox 283 4174 1259 4396">
     <span class='ocr_line' id='line_1_29' title="bbox 320 4174 901 4287; baseline 0.007 -40"><span class='ocrx_word' id='word_1_227' title='bbox 320 4176 470 4275; x_wconf 80' lang='lat' dir='ltr'><strong>septimo</strong></span> <span class='ocrx_word' id='word_1_228' title='bbox 494 4176 562 4287; x_wconf 84' lang='lat' dir='ltr'><strong>¹die</strong></span> <span class='ocrx_word' id='word_1_229' title='bbox 590 4174 729 4255; x_wconf 86' lang='lat' dir='ltr'><strong>Ostiam</strong></span> <span class='ocrx_word' id='word_1_230' title='bbox 756 4176 901 4271; x_wconf 57' lang='lat' dir='ltr'><strong>afferam</strong></span> 
     </span>
     <span class='ocr_line' id='line_1_30' title="bbox 283 4306 1259 4396; baseline 0.009 -34"><span class='ocrx_word' id='word_1_231' title='bbox 283 4306 313 4364; x_wconf 85' lang='lat' dir='ltr'><strong>ob</strong></span> <span class='ocrx_word' id='word_1_232' title='bbox 332 4308 466 4371; x_wconf 82' lang='lat' dir='ltr'><strong>Herculis</strong></span> <span class='ocrx_word' id='word_1_233' title='bbox 487 4313 629 4372; x_wconf 80' lang='lat' dir='ltr'><strong>columnis</strong></span> <span class='ocrx_word' id='word_1_234' title='bbox 650 4308 806 4396; x_wconf 87' lang='lat' dir='ltr'><strong>Apuleius</strong></span> <span class='ocrx_word' id='word_1_235' title='bbox 827 4309 928 4373; x_wconf 89' lang='lat' dir='ltr'><strong>multo</strong></span> <span class='ocrx_word' id='word_1_236' title='bbox 952 4308 1130 4392; x_wconf 87' lang='lat' dir='ltr'><strong>elegantius</strong></span> <span class='ocrx_word' id='word_1_237' title='bbox 1152 4306 1259 4373; x_wconf 88' lang='lat' dir='ltr'><strong>habet.</strong></span> 
     </span>
    </p>
   </div>
   <div class='ocr_carea' id='block_1_4' title="bbox 324 4479 1449 4844">
    <p class='ocr_par' dir='ltr' id='par_1_4' title="bbox 324 4479 1449 4844">
     <span class='ocr_line' id='line_1_31' title="bbox 699 4479 906 4567; baseline -0.005 -15"><span class='ocrx_word' id='word_1_238' title='bbox 699 4480 703 4487; x_wconf 85' lang='lat'>&#39;</span> <span class='ocrx_word' id='word_1_239' title='bbox 723 4479 906 4567; x_wconf 66' lang='lat'><strong>10:13.</strong></span> 
     </span>
     <span class='ocr_line' id='line_1_32' title="bbox 326 4603 1449 4718; baseline 0.004 -36"><span class='ocrx_word' id='word_1_240' title='bbox 326 4603 392 4683; x_wconf 85' lang='lat' dir='ltr'><strong>Sed</strong></span> <span class='ocrx_word' id='word_1_241' title='bbox 419 4608 596 4711; x_wconf 88' lang='lat' dir='ltr'><strong>Hispania</strong></span> <span class='ocrx_word' id='word_1_242' title='bbox 623 4610 771 4687; x_wconf 81' lang='lat' dir='ltr'><strong>citerior</strong></span> <span class='ocrx_word' id='word_1_243' title='bbox 795 4611 907 4687; x_wconf 86' lang='lat' dir='ltr'><strong>habet</strong></span> <span class='ocrx_word' id='word_1_244' title='bbox 920 4606 1157 4710; x_wconf 87' lang='lat' dir='ltr'><strong>splendorem</strong></span> <span class='ocrx_word' id='word_1_245' title='bbox 1181 4607 1242 4686; x_wconf 92' lang='lat' dir='ltr'><strong>lini</strong></span> <span class='ocrx_word' id='word_1_246' title='bbox 1261 4632 1367 4709; x_wconf 87' lang='lat' dir='ltr'><strong>prae-</strong></span> <span class='ocrx_word' id='word_1_247' title='bbox 1387 4649 1449 4718; x_wconf 73' lang='lat'><strong>333</strong></span> 
     </span>
     <span class='ocr_line' id='line_1_33' title="bbox 324 4740 1151 4844; baseline 0.008 -31"><span class='ocrx_word' id='word_1_248' title='bbox 324 4740 457 4840; x_wconf 86' lang='lat' dir='ltr'><strong>cipuum</strong></span> <span class='ocrx_word' id='word_1_249' title='bbox 481 4743 654 4822; x_wconf 85' lang='lat' dir='ltr'><strong>torrentis</strong></span> <span class='ocrx_word' id='word_1_250' title='bbox 681 4742 718 4819; x_wconf 90' lang='lat' dir='ltr'><strong>in</strong></span> <span class='ocrx_word' id='word_1_251' title='bbox 746 4764 820 4842; x_wconf 90' lang='lat' dir='ltr'><strong>quo</strong></span> <span class='ocrx_word' id='word_1_252' title='bbox 846 4740 983 4844; x_wconf 84' lang='lat' dir='ltr'><strong>politur</strong></span> <span class='ocrx_word' id='word_1_253' title='bbox 1008 4748 1151 4821; x_wconf 87' lang='lat' dir='ltr'><strong>natura.</strong></span> 
     </span>
    </p>
   </div>
   <div class='ocr_carea' id='block_1_5' title="bbox 0 0 1855 5625">
    <p class='ocr_par' dir='ltr' id='par_1_5' title="bbox 0 0 1855 5625">
     <span class='ocr_line' id='line_1_34' title="bbox 0 0 1855 5625; baseline 0 0"><span class='ocrx_word' id='word_1_254' title='bbox 0 0 1855 5625; x_wconf 95' lang='lat' dir='ltr'><strong> </strong></span> 
     </span>
    </p>
   </div>
  </div>
 </body>
</html>
