3700 5625
712 716 801 783 trra
823 713 946 789 ruric.
1327 698 1388 785 177

641 954 710 1026 112
739 953 1029 1039 et113=o3o

339 1084 476 1184 Capitis
503 1080 695 1162 doloribus
720 1082 884 1158 remedio
911 1088 996 1157 sunt
1023 1143 1030 1157 .
1058 1140 1065 1157 .
1095 1143 1102 1157 .
1130 1082 1270 1159 limacis
1296 1084 1390 1159 iuter

336 1217 429 1293 duas
458 1216 595 1293 orbitas
623 1215 795 1290 inventae
822 1212 1023 1290 ossiculum
1063 1237 1129 1314 per
1155 1238 1279 1292 aurum
1307 1238 1390 1291 cum

336 1351 450 1428 ebore
476 1348 667 1425 traiectum
701 1347 736 1421 ln
771 1345 946 1446 pellicula
969 1347 1117 1437 ,canina
1142 1346 1390 1446 adalligatum,

337 1481 439 1582 quod
467 1480 671 1557 remedium
697 1478 862 1580 pluribus
889 1482 1116 1579 semperque
1138 1480 1302 1579 prodest.

327 1625 471 1694 cuperent
483 1623 555 1679 cum
577 1618 652 1677 ebur
672 1612 744 1677 libri
764 1610 866 1692 MSS,
889 1610 974 1675 unde
991 1612 1088 1677 Ianus
1108 1612 1213 1677 effecit
1230 1617 1392 1677 cobucrcus

286 1754 352 1797 cum
375 1736 466 1794 ebore
487 1750 592 1817 neque
613 1730 685 1794 usui
708 1729 870 1813 scriptoris
895 1729 973 1806 satis
996 1731 1253 1812 accommodate,
1285 1732 1347 1816 qui
1360 1730 1392 1794 id

286 1850 421 1915 verbum
444 1868 518 1914 cum
540 1848 647 1912 dativo
678 1846 871 1929 coniungere
893 1848 992 1928 solet,
1025 1855 1058 1912 et
1086 1850 1196 1933 inepta
1223 1849 1391 1931 sententia.

287 1969 380 2043 Quae
424 1966 509 2031 enim
552 1963 665 2030 debilis
708 1963 838 2027 ossiculi
882 1970 972 2029 tanta
1015 1966 1062 2028 vis
1107 1966 1240 2053 cogitari
1277 1965 1393 2049 poterit

287 2086 427 2171 quaein
450 2104 561 2149 aurum
582 2081 749 2167 penetret?
766 2064 902 2145 ‘Rectius
917 2082 991 2146 'Sill
1015 2084 1141 2147 tertiam
1164 2083 1301 2167 aliquam
1323 2102 1391 2145 rem

286 2200 532 2267 commemorari
553 2200 677 2285 putavit
711 2218 768 2283 per
797 2219 894 2284 quam
914 2200 1032 2285 pariter
1066 2219 1104 2263 ac
1131 2220 1188 2283 per
1220 2220 1331 2265 aurum
1361 2208 1393 2262 et

287 2321 368 2384 ebur
390 2318 563 2383 ossiculum
586 2316 758 2380 traiciatur.
781 2314 871 2388 Quae
893 2337 946 2381 res
968 2316 1108 2380 remedio
1131 2337 1233 2402 aeque
1249 2310 1393 2381 ¹absurdo

287 2436 376 2524 quod
399 2457 419 2500 a
440 2434 591 2500 Marcello
613 2455 641 2498 c.
663 2433 684 2498 8
704 2454 735 2517 p.
757 2432 819 2500 269
842 2432 952 2518 Steph.
980 2440 1091 2497 contra
1124 2435 1287 2497 oculorum
1316 2435 1393 2498 vitia

285 2553 531 2619 commendatur
552 2548 782 2636 suppeditatur.
814 2549 863 2614 ibi
886 2552 970 2615 enim
994 2552 1146 2616 lacertam
1165 2552 1297 2616 viridem
1321 2574 1393 2616 oum

286 2672 415 2738 annulis
438 2670 560 2751 aureis,
582 2668 755 2755 argenteis,
777 2666 890 2732 ferreis
912 2676 945 2733 et
966 2669 1124 2734 electrinis
1138 2671 1170 2734 iu
1188 2691 1245 2735 vas
1259 2672 1393 2734 vitreum

225 2837 227 2841 -
285 2774 523 2854 coniciendum
542 2806 615 2852 esse
638 2784 790 2869 traditur,
823 2786 863 2850 de
892 2758 1006 2873 quibris
1040 2789 1164 2852 annulis
1199 2795 1310 2874 utpote
1338 2790 1390 2874 qui

282 2908 380 2972 facile
409 2905 596 2974 traiciantur
631 2904 769 2970 ossiculo
802 2904 924 2968 Plinius
952 2926 1077 2992 quoque
1113 2907 1199 2992 loqui
1230 2907 1390 2992 putandus

283 3033 343 3093 est,
387 3025 501 3111 Itaque
532 3023 644 3087 litteris
681 3043 717 3087 co
738 3022 770 3085 in
791 3045 812 3085 e
844 3024 1012 3105 correctis,
1047 3023 1174 3109 reliquis
1211 3005 1388 3100 coniunctis

284 3142 445 3208 scribatur
466 3147 607 3227 oportet:
628 3159 686 3220 per
707 3161 828 3223 aurum,
856 3146 1074 3224 arpentum,
1098 3147 1181 3204 ebur.
1204 3143 1389 3205 Extremam

284 3261 479 3326 sententiam
499 3257 597 3322 verbo
627 3257 736 3322 addito
764 3258 810 3321 sic
837 3257 926 3342 lego:
971 3264 1054 3338 praed
1073 3265 1233 3322 remedium
1252 3264 1391 3338 pluribus

280 3383 435 3461 profuit
454 3379 770 3456 semperqueprodest.
793 3375 822 3460 S
834 3375 895 3442 119
906 3396 964 3460 pro
986 3387 1014 3439 ct
1036 3387 1118 3440 rrterc
1139 3377 1265 3461 quodid
1281 3376 1389 3459 habet,

283 3495 468 3582 scripserim
489 3504 623 3557 cetere.

525 3672 532 3676 ·
640 3650 710 3721 120
731 3654 768 3721 ct
796 3651 861 3723 121
879 3653 1032 3739 =o‚38.

1412 968 1474 1033 648

1411 3700 1472 3769 ete

336 3781 406 3857 Hic
431 3779 487 3856 sal
514 3825 561 3834 -
587 3781 624 3855 in
650 3779 855 3856 antidotum
887 3789 1015 3858 contra
1052 3791 1244 3882 serpentes
1286 3785 1390 3861 addi·
1470 3885 1473 3893 s

333 3923 411 4007 tur3
437 3911 586 4011 quidam
615 3916 651 3988 et
678 3912 814 4012 viperis
837 3919 987 3989 utuntur
1011 3915 1048 3990 iu
1076 3915 1180 3998 cibis.
1220 3917 1389 3995 'Primum

335 4045 497 4123 omnium
526 4044 651 4121 occisa
681 4047 847 4145 (vipera)
878 4049 998 4123 statim
1029 4046 1142 4124 salem
1170 4051 1207 4126 iu
1234 4075 1277 4129 os
1304 4053 1390 4128 addi

265 4243 273 4248 .
334 4179 463 4256 iubent
487 4165 533 4234 -’-
560 4201 647 4254 mox
669 4236 705 4253 ..
733 4178 958 4280 discoquunt
984 4180 1020 4256 in
1044 4205 1150 4280 aqua,
1178 4182 1273 4276 olco,
1300 4185 1388 4276 sale,

334 4317 458 4401 aneto,
483 4317 546 4385 aut
570 4310 690 4386 statim
713 4321 914 4390 vescmrtur
944 4323 1005 4391 aut
1032 4338 1128 4416 pane
1150 4315 1330 4430 colligunt
1354 4328 1391 4395 ut
1447 4355 1453 4368 ·

334 4435 670 4543 saepius'utautur.

367 4576 474 4640 Locus
495 4595 553 4660 per
580 4594 615 4638 se
646 4596 711 4640 non
739 4575 941 4642 difficillimus
971 4580 1170 4646 librariorum
1197 4585 1318 4649 incuria
1345 4589 1390 4652 ita
1457 4585 1459 4588 ’

288 4693 491 4776 perturbatus
512 4699 563 4758 est
582 4699 619 4757 ut
639 4693 733 4758 facile
754 4695 950 4762 restituatur.
973 4698 1066 4784 Quod
1079 4701 1163 4764 enim
1186 4703 1218 4764 in
1241 4704 1388 4768 omnibus

1195 4821 1236 4887 12
