3700 5625
402 1014 464 1083 773

400 2184 462 2253 774

487 765 550 835 226
913 770 1003 833 moe
1023 741 1160 837 mv.

534 1084 571 1153 at
596 1075 648 1152 illi
682 1077 881 1155 draconem
899 967 966 1137 131
982 968 1182 1181 depiblbbb
1201 1079 1482 1157 circumdedere
1507 1079 1586 1159 luco

532 1232 654 1309 eoque
667 1216 808 1287 terrore
834 1224 926 1288 aves
951 1218 1040 1290 tunc
1054 1210 1201 1291 siluisse
1217 1218 1383 1289 narratur
1408 1220 1445 1289 et
1461 1220 1588 1315 postea

534 1340 737 1441 [cognitum
755 1349 811 1419 est
836 1344 902 1436 ita]
932 1366 1045 1445 posse
1072 1346 1272 1446 compesci.

566 1470 630 1537 Hic
659 1493 785 1560 quoque
818 1473 1098 1561 interpolationem
1131 1479 1344 1541 recentiorum
1378 1466 1543 1540 hominum
1571 1497 1590 1541 a

483 1604 536 1655 me
558 1590 686 1656 tolerari
719 1593 864 1677 potuisse
885 1594 986 1679 pudet
1008 1614 1059 1658 me
1080 1595 1296 1680 poenitetque.
1339 1590 1431 1668 Quae
1453 1593 1538 1658 anim
1559 1594 1590 1658 in

484 1694 741 1774 codicibun'non
768 1708 918 1795 leguntur
945 1705 1044 1776 verba
1075 1698 1323 1797 ,cognitum'est
1344 1711 1416 1793 ita‘,
1444 1712 1485 1775 iis
1508 1705 1590 1776 lacil·

482 1827 559 1891 lime
581 1846 692 1891 carere
711 1827 887 1911 poterimus
908 1846 987 1893 voce
1006 1847 1096 1909 posse
1116 1828 1150 1893 in
1169 1834 1303 1908 potuisse
1324 1826 1460 1893 mutata.

567 1945 594 2029 fi.
617 1944 678 2011 138
698 1943 861 2008 Brunniua
883 1943 957 2009 hist.
980 1944 1188 2013 arcitum
1212 1951 1396 2029 Astypalaea
1419 1945 1591 2045 probahili-

482 2069 532 2126 ter
553 2061 697 2127 coniecit.

903 2149 1168 2236 141=11,4u.

531 2275 752 2374 Eutychidis
778 2276 902 2375 bigam
930 2278 1027 2377 regit
1052 2276 1227 2355 Victoria.

565 2406 671 2481 Quum
693 2427 805 2474 omnes
831 2415 988 2495 quotquot
1019 2416 1245 2475 enumerantur
1266 2409 1297 2473 h.
1319 2409 1340 2473 l.
1364 2409 1505 2493 pictores
1536 2430 1591 2473 no·

482 2525 637 2591 minativo
660 2527 879 2613 appellentur,
912 2527 1026 2593 mirum
1059 2548 1137 2591 eene
1160 2535 1227 2609 eat,
1262 2526 1295 2591 in
1323 2545 1388 2591 une
1409 2525 1591 2611 Eutychide

484 2649 676 2707 structuram
699 2644 899 2731 ineleganter
919 2645 966 2709 ita
988 2646 1114 2729 variari,
1136 2651 1173 2709 ut
1194 2664 1305 2709 currus
1325 2643 1379 2707 ille
1390 2642 1591 2729 Eutychidis,
1665 2716 1666 2729 ,

484 2761 627 2828 Victoria
649 2762 698 2827 sui
718 2763 795 2829 iuris
818 2782 891 2828 enee
914 2763 1070 2830 videatur.
1092 2762 1200 2850 Atque
1217 2760 1450 2828 nominativum
1463 2767 1592 2846 praeter

482 2881 514 2946 R
535 2888 568 2944 et
589 2879 683 2946 codd.
706 2881 840 2946 Barbari
861 2881 934 2946 libri
955 2881 1047 2948 MSS.
1071 2901 1183 2946 omnes
1206 2871 1375 2961 exhibent,
1397 2879 1539 2945 eundem
1560 2888 1591 2944 et

426 3012 428 3016 ·
482 2998 515 3062 Κ
536 2997 623 3087 apud
644 2997 889 3085 Daleeampium
910 3005 943 3064 et
971 3004 1002 3064 V.
1015 3005 1074 3070 atti¹
1088 2999 1108 3062 i.
1132 3019 1160 3064 e.
1182 2997 1328 3062 homiues
1351 2995 1484 3084 quidam
1507 2996 1590 3061 docti
1664 3071 1665 3112 ἢ

484 3110 697 3183 defendemmt
724 3137 797 3182 oum
829 3122 886 3180 aut
911 3138 1000 3196 quom
1025 3117 1206 3182 insererent
1228 3121 1284 3180 ant
1308 3120 1389 3194 repta
1420 3133 1490 3180 cum
1518 3119 1589 3180 Vtct.

483 3235 580 3300 scribi
591 3234 729 3304 ,vellent
771 3233 895 3298 Neutra
916 3234 1102 3330 coniectura
1125 3252 1205 3318 opus
1228 3239 1312 3314 eret,
1336 3252 1376 3296 ne
1399 3251 1440 3296 ea
1461 3232 1589 3318 quidem

353 3376 356 3380 ³
483 3352 564 3417 ratio
609 3372 705 3438 quam
736 3351 966 3436 Daleoampius
1002 3350 1168 3436 probavit,
1210 3369 1275 3434 qua
1310 3355 1384 3436 poet
1426 3370 1454 3412 v.
1495 3355 1589 3430 dipem

484 3471 613 3556 gravius
635 3469 796 3552 distinxit,
828 3469 959 3555 linguae
980 3470 1053 3553 lege
1081 3467 1148 3532 ulla
1176 3468 1348 3553 flagitatur.
1389 3465 1480 3530 Nihil
1508 3467 1589 3532 enim

483 3585 608 3651 facilius
638 3593 688 3651 eet
710 3607 806 3674 quam
832 3587 964 3652 verbam
991 3586 1192 3672 praegnanti,
1220 3604 1314 3671 quem
1342 3581 1471 3667 dicunt,
1496 3602 1589 3648 sensu

483 3723 546 3789 quo
567 3725 673 3783 repere
692 3704 778 3770 idern
800 3705 842 3770 sit
863 3721 901 3769 ac
920 3710 987 3784 repi
1008 3723 1119 3768 curare
1143 3702 1355 3788 interpretari.
1378 3700 1588 3768 scribendum
1662 3717 1663 3749 r

483 3829 533 3887 est
553 3823 666 3909 igitur:
690 3827 938 3906 Eutychides-
966 3822 1108 3887 Victoria.

880 3948 948 4020 142
976 3940 1183 4020 :ibidem

531 4056 748 4136 Nealces-
763 4055 897 4138 sollers
922 4063 961 4137 in
987 4066 1081 4152 arte3
1107 4055 1291 4156 siquidem
1312 4074 1395 4133 cum
1408 4055 1586 4157 proelium

531 4186 670 4269 navale
690 4189 886 4270 Persarum
913 4202 950 4271 ei
968 4191 1243 4293 Aegyptiorum
1268 4189 1462 4290 pinxisset,
1489 4189 1585 4290 quod

532 4325 568 4401 in
594 4320 676 4403 Nilo
703 4325 821 4426 [cuius
848 4333 905 4404 est
930 4349 1027 4427 aqua
1051 4324 1161 4402 maris
1193 4319 1333 4411 similis]
1360 4318 1497 4400 lactum
1525 4344 1584 4400 vo-

509 4442 633 4536 lebat
656 4455 844 4558 intellegi,
878 4465 1098 4562 argumento
1130 4458 1335 4535 declaravit
1373 4458 1476 4558 quod
1512 4464 1583 4532 arte

531 4612 606 4668 non
633 4598 796 4690 poterat:
822 4588 978 4670 asellum
1005 4591 1102 4668 euim
1115 4592 1304 4670 bibentem
1322 4592 1366 4672 ,in
1385 4590 1493 4670 litore
1507 4592 1582 4692 pin·

532 4721 585 4796 xit
610 4727 649 4798 et
674 4722 904 4802 crocodilum
929 4725 1164 4806 insidiantem
1191 4725 1237 4803 ei.
1305 4778 1307 4787 ·
