3700 5625
477 730 538 803 174
911 736 1003 804 uon
1023 722 1147 805 XXIX.

522 952 694 1006 anserum
718 927 856 1030 alioqui
884 927 1113 1011 celeberrimi
1138 951 1246 1020 usus,
1286 930 1355 1006 sed
1382 929 1418 1005 in
1444 929 1514 1009 hoe
1536 932 1565 1006 in
1657 966 1658 977 r

524 1062 772 1166 Commagene
810 1059 940 1161 Syriae
978 1069 1081 1163 parte
1115 1084 1196 1139 eum
1233 1062 1483 1155 cinnamomo,
1515 1086 1567 1141 oa-

523 1193 668 1271 s1arel.

555 1325 663 1390 Verbo
683 1332 739 1390 sed
758 1332 790 1389 tn
813 1331 872 1390 noc
893 1326 1052 1412 quomodo
1074 1326 1300 1413 interpretatus
1324 1329 1365 1391 sit
1387 1328 1465 1411 Sin,
1488 1330 1567 1415 equi-

471 1442 544 1509 dem
567 1464 631 1507 non
654 1442 775 1526 divino,
818 1463 922 1530 neque
946 1445 1058 1507 Ianum
1087 1445 1342 1530 interpunctione
1365 1450 1490 1510 mutata
1510 1466 1569 1527 ‚an-

470 1580 576 1625 serum
598 1598 639 1608 —
661 1559 780 1647 alioqui
802 1582 829 1625 o.
851 1582 941 1643 usus,
973 1582 999 1624 s.
1021 1560 1041 1625 i.
1062 1559 1093 1627 h.
1116 1560 1138 1625 i.
1161 1560 1196 1627 O.
1221 1561 1253 1626 S.
1275 1568 1367 1647 parte
1390 1564 1442 1610 -‘
1485 1563 1567 1650 quid·

469 1698 565 1765 quam
587 1676 732 1743 effecisse
753 1686 841 1770 puto.
884 1677 979 1752 Quod
1000 1684 1107 1743 autem
1129 1679 1225 1765 vulgo
1252 1686 1295 1743 ud
1313 1685 1373 1745 too
1395 1680 1568 1767 legebatur,

469 1816 489 1860 a
512 1796 600 1860 libris
621 1795 713 1860 MSS.
737 1796 875 1860 alienum
898 1802 957 1861 est.
999 1794 1026 1861 E
1049 1795 1163 1882 quibus
1185 1796 1215 1861 R
1240 1798 1321 1862 haee
1342 1797 1455 1863 habet:
1494 1803 1568 1863 Com-

467 1934 661 1993 mupenorum
685 1951 722 1961 -
745 1894 885 1993 aliquio.
908 1936 938 1979 u.
959 1918 1014 1979 sed
1042 1920 1072 1977 in
1094 1918 1153 1979 too
1172 1918 1388 1998 Communem,
1425 1916 1473 1983 V:
1508 1938 1568 1981 cnm

467 2052 595 2112 mopnue
616 2071 655 2081 -
677 2038 773 2111 aliqui
794 2053 820 2095 o.
843 2054 870 2095 u.
893 2036 949 2095 sed
969 2037 999 2096 in
1019 2035 1078 2096 too
1098 2037 1130 2095 io
1156 2036 1236 2099 Gom.
1257 2032 1302 2095 R²
1325 2040 1432 2097 autem
1453 2042 1529 2099 ante
1543 2058 1589 2099 ν.Ι

467 2149 548 2232 ,sed‘
570 2160 613 2213 est
634 2149 766 2213 addidit.
788 2146 917 2212 Incerta
939 2149 1035 2234 igitur
1056 2150 1301 2235 praepositionis
1324 2152 1424 2215 semei
1446 2159 1504 2215 aut
1525 2152 1569 2215 bis

466 2267 590 2353 positae
605 2267 683 2331 sede
696 2266 826 2331 definita
837 2264 941 2331 soribo
954 2271 1012 2331 troc
1032 2272 1063 2331 tn
1078 2271 1117 2350 0.,
1139 2274 1208 2331 tum
1223 2288 1271 2333 vv.
1292 2272 1390 2332 sedet
1411 2282 1456 2332 est
1479 2291 1569 2355 quarn

467 2406 485 2450 e
508 2385 624 2471 oopula
645 2391 748 2449 ortam
772 2404 843 2448 esse
864 2391 942 2469 puto
965 2385 1167 2471 transpositIs
1185 2384 1275 2470 tego:

504 2506 546 2579 m
566 2524 605 2568 ex
626 2508 724 2582 adim*
738 2521 878 2567 ausuum
899 2515 937 2565 et
957 2508 1086 2582 alioqui,
1128 2508 1194 2567 sod
1214 2507 1398 2571 astrueretur
1419 2526 1495 2569 usus
1517 2511 1571 2571 too

409 2660 415 2677 ι
506 2624 765 2701 tnOommopeno.
1165 2704 1167 2715 Ι

547 2737 670 2815 Quodsi
692 2759 750 2803 nos
772 2739 807 2806 in
826 2736 902 2804 folio
914 2737 1031 2801 misere
1053 2744 1200 2827 corrupto
1223 2737 1343 2803 versari
1367 2740 1464 2830 (quid
1488 2742 1569 2808 eninr

463 2858 602 2924 lectione
624 2857 654 2942 §.
676 2857 717 2931 52
738 2857 770 2920 in
798 2858 916 2922 nostris
938 2854 1026 2918 libris
1048 2855 1243 2941 inquinatius
1262 2863 1390 2925 exstare
1412 2862 1567 2932 senseat)

338 2987 342 2993 ’
462 2974 600 3041 fortasse
621 2975 744 3060 reliqua
765 2993 909 3059 quoque,
938 2993 1020 3058 quae
1042 2993 1119 3037 sane
1140 2972 1216 3037 ferri
1237 2981 1386 3060 possunt,
1408 2996 1427 3038 e
1450 2977 1571 3041 oodiois

461 3091 657 3178 Rvestigiis
684 3092 730 3156 ita
756 3091 873 3155 mutari
905 3096 1063 3176 praestat:
1110 3096 1374 3170 Commopenorum
1402 3100 1570 3160 clarissimo

460 3216 601 3274 remedio.
632 3208 782 3276 Ceterum
804 3226 915 3272 omnes
937 3207 1009 3271 libri
1027 3214 1114 3272 reete
1135 3213 1246 3273 Suriae
1267 3208 1430 3274 exhibent.

378 3372 441 3443 639
907 3367 955 3438 56
971 3365 1113 3450 =3‚13.

509 3494 564 3571 Fit
609 3501 645 3570 et
680 3495 716 3569 in
742 3493 849 3593 Syria
874 3491 946 3570 alio
987 3493 1117 3584 modo,
1157 3493 1267 3593 adipe
1293 3493 1416 3570 avium
1444 3551 1453 3570 .
1484 3553 1493 3573 .
1524 3553 1567 3573 ..

507 3627 692 3729 phoenice
719 3627 833 3717 elate,
862 3627 948 3701 item
976 3625 1129 3704 calamo

541 3762 592 3825 Ita
613 3759 718 3824 editur
745 3780 763 3822 e
785 3758 969 3823 oonieotura
989 3757 1140 3841 Barbari,
1174 3760 1257 3844 quod
1280 3778 1335 3822 onr
1362 3760 1418 3824 fiat
1447 3763 1567 3826 neseio.
1594 3821 1596 3827 .

457 3877 551 3953 Quod
572 3882 656 3943 enim
686 3877 787 3950 elates
816 3895 935 3940 nomen
957 3875 998 3938 ad
1016 3875 1194 3961 palmarum
1219 3895 1321 3962 genus
1345 3884 1377 3941 et
1398 3889 1567 3964 unguenta

458 4017 478 4060 a
498 3995 603 4060 Plinio
624 3994 761 4060 refertur
779 3991 883 4073 (ΧΠ.
907 3994 983 4075 134,
1004 3991 1126 4058 XXIII.
1152 3993 1210 4079 99)
1258 4014 1296 4057 eo
1340 3993 1383 4058 ad
1411 3994 1565 4061 librorum

456 4110 547 4180 MSS.
562 4115 732 4179 lectionem
738 4117 889 4194 phoenice
910 4121 1023 4175 tunso
1046 4110 1256 4174 deserendam
1278 4081 1413 4176 minimd
1430 4113 1565 4178 adduci·

456 4252 537 4313 mur,
559 4251 675 4316 nempe
688 4229 801 4295 eodem
815 4203 993 4293 iureetiam
1004 4233 1132 4307 spumae
1145 4247 1260 4293 nomen
1270 4230 1463 4315 interpolare
1479 4230 1563 4296 lieet.

455 4350 555 4415 Immo
582 4349 622 4414 de
645 4348 786 4413 omnium
813 4347 992 4432 palmorum
1013 4344 1118 4409 iruotu
1146 4345 1387 4432 intelligendum
1411 4367 1484 4412 esse
1507 4370 1563 4413 ro·

455 4467 603 4534 sabulum
625 4462 823 4530 Dioscuridis
845 4463 1025 4549 praeseptis
1048 4465 1071 4529 I.
1090 4463 1256 4530 148-150
1277 4463 1438 4530 doeemur.
1464 4503 1503 4514 -
1526 4468 1563 4530 In

454 4587 520 4649 fine
550 4583 645 4648 huius
677 4581 829 4648 seotiouis
849 4604 898 4648 vv.
932 4588 963 4646 in
988 4587 1092 4662 capris
1113 4580 1257 4666 Silligius
1276 4581 1445 4650 romonem
1466 4582 1562 4652 oodd.

456 4700 544 4769 VRd
570 4706 602 4768 a
627 4704 731 4798 capris
761 4699 938 4772 reotissime
964 4698 1127 4782 probavit,
1169 4718 1265 4791 quam
1307 4698 1356 4772 ab,
1391 4701 1468 4776 Iano
1513 4722 1563 4769 re·
