3700 5625
467 756 530 828 224

469 973 566 1017 manu
594 951 772 1016 rectissime
801 952 834 1015 in
868 958 966 1015 urceis
995 959 1171 1015 eorreotam
1209 950 1250 1013 ab
1285 953 1422 1032 utroque
1456 946 1568 1009 editore

470 1068 640 1132 contemni.

386 1178 448 1245 768
875 1151 1181 1241 loidemzoar.

519 1281 661 1359 Eretria
684 1324 725 1341 -
742 1283 867 1383 explet
880 1282 1044 1373 vulnera,
1073 1283 1104 1358 si
1120 1288 1310 1379 coquatur,
1337 1280 1385 1355 ad
1404 1278 1572 1355 siccanda

514 1413 624 1505 utilis,
652 1416 850 1514 praecipua
876 1424 913 1491 et
940 1416 1070 1515 ospitis
1097 1412 1289 1490 doloribus
1316 1412 1416 1487 etad
1446 1412 1574 1509 depre-

442 1585 448 1596 ,
518 1546 719 1622 hendendo
746 1571 867 1647 pura3·
882 1548 1040 1623 subesse
1068 1547 1163 1622 enim
1191 1568 1235 1620 ea
1261 1541 1508 1643 intellegunt,
1545 1543 1573 1617 si

475 1655 481 1671 ¹
520 1702 567 1754 ex
593 1700 689 1777 aqua
714 1677 804 1755 illita
829 1704 904 1757 non
932 1687 1086 1755 arescat.

554 1810 632 1876 cod.
655 1810 683 1874 B
704 1829 801 1896 quum
824 1813 927 1897 prima
948 1810 1105 1876 voeabula
1125 1809 1252 1874 inversu
1272 1808 1383 1872 ordine
1407 1814 1441 1871 et
1462 1808 1495 1871 in
1517 1806 1576 1871 line

423 1916 429 1923 ’
469 1948 620 1992 versuum
644 1935 793 2013 eorrupta
813 1930 859 1993 ita
880 1929 1045 1994 exhibeat:
1069 1934 1167 2008 explet
1186 1934 1311 1990 uolnera
1334 1932 1361 1989 ri
1383 1937 1542 2003 cooriatur.
1556 1928 1568 1991 ll

470 2050 514 2109 od
529 2052 678 2110 siccanda
693 2053 920 2127 praecoquum.
950 2046 1014 2131 legi
1036 2053 1288 2111 consentaneum
1311 2049 1374 2107 est:
1398 2063 1422 2109 e.
1446 2048 1578 2120 salomo,

469 2169 667 2241 ordonatur
688 2170 731 2227 ud
749 2169 898 2247 accendo
915 2170 1097 2243 praecipuo,
1119 2168 1199 2225 ortilis
1222 2172 1250 2224 et
1272 2182 1296 2225 c.
1317 2167 1344 2225 d.
1368 2160 1459 2224 Idem
1483 2179 1579 2244 quum

471 2294 535 2344 non
557 2287 633 2344 illitu
656 2280 714 2345 sed
736 2258 863 2345 inlisum
884 2280 1019 2362 habeat,
1041 2300 1105 2343 non
1127 2279 1222 2343 Plinii
1242 2278 1318 2341 vitio
1341 2277 1484 2343 dandum
1506 2296 1580 2340 esse

472 2398 614 2482 sequitur
636 2398 720 2483 quod
742 2398 947 2483 Hippocratis
971 2397 1010 2461 de
1032 2396 1151 2460 morbis
1171 2398 1226 2460 ΙΙΙ.
1245 2397 1285 2462 27
1307 2400 1482 2480 praecepto
1504 2414 1580 2457 oon-

432 2559 436 2567 ·
472 2510 784 2598 tradioere'videtur,
807 2515 864 2579 sed
885 2515 1085 2580 librariorum
1104 2514 1203 2579 errori
1223 2514 1276 2598 qui
1298 2512 1397 2577 verba
1420 2510 1582 2597 quaedam

471 2632 608 2719 proximi
630 2632 789 2697 simillima
806 2633 990 2697 omiserunt.
1019 2632 1234 2716 Hippocrates
1257 2630 1341 2693 enim
1363 2630 1446 2693 haee
1467 2628 1582 2693 tradit:

471 2750 610 2838 χλιάρην
632 2744 806 2836 &ardoldus
828 2747 969 2816 dddvoov
990 2748 1122 2831 λεπτόν,
1144 2748 1379 2835 περικάλυψον
1396 2746 1501 2835 κύκλῳ
1523 2746 1584 2811 τὸν

471 2863 619 2956 θώρηκα·
651 2873 707 2932 καὶ
729 2866 808 2934 ὅκου
831 2866 875 2933 ἂν
895 2876 1030 2956 πρῶτον
1053 2871 1263 2954 ξηραίνηται,
1291 2867 1394 2954 ταύτῃ
1416 2866 1477 2953 χρὴ
1500 2865 1584 2948 roip-

473 3009 553 3052 νειν.
576 2983 671 3049 Unde
693 2985 862 3050 ooniunota
875 2984 1124 3072 Bambergensis
1144 2985 1402 3070 reliquorumque
1427 2985 1587 3068 scriptura

472 3110 554 3167 inlito
576 3122 636 3167 non
658 3109 690 3166 el
711 3109 843 3166 inlinunt
863 3125 921 3167 non
938 3105 1081 3172 ,efficitur
1102 3087 1274 3190 legendnm
1298 3079 1384 3166 esse:
1408 3109 1435 3164 sr'
1450 3123 1490 3164 ex
1505 3123 1586 3180 opica

473 3226 546 3286 illitu
568 3227 725 3284 linteum
747 3232 876 3285 arescot.

391 3338 453 3406 769
916 3344 960 3414 dl
989 3363 1029 3393 =
1057 3346 1151 3428 635.

524 3473 779 3547 Atramentum
793 3494 942 3570 quoque
962 3471 1057 3546 inter
1070 3471 1237 3550 laetieios
1256 3471 1332 3560 erit,
1362 3493 1586 3568 quamquam

525 3610 582 3679 est
608 3609 644 3679 et
669 3610 788 3680 terrae
814 3604 985 3703 geminae
1008 3603 1161 3703 originis

474 3734 565 3821 ἥτις
585 3740 642 3800 καὶ
667 3735 790 3820 γεώδης
816 3732 927 3814 ἐστίν,
961 3735 1166 3801 Dioscorides
1194 3735 1296 3820 inquit
1318 3734 1356 3798 V.
1371 3723 1458 3816 lli,
1489 3742 1587 3819 atque

475 3860 593 3920 terram
629 3852 782 3937 appellari
816 3875 881 3918 non
906 3874 1003 3939 posse
1038 3875 1134 3938 quum
1178 3860 1244 3935 ,saut
1280 3852 1452 3937 salsuginis
1491 3851 1587 3914 modo
1666 3925 1667 3940 ἶ

454 3979 628 4035 ‘emanare
651 3977 706 4033 aut
727 3976 812 4033 terra
833 3970 914 4055 ipsa‘
941 4011 975 4020 -
1001 3971 1135 4053 dicatur,
1159 3969 1223 4035 Sill.
1248 3976 1334 4034 reete
1350 3969 1587 4033 anirnadvertit.

475 4091 525 4152 Ita
547 4095 654 4151 autem
676 4087 801 4153 variant
821 4087 909 4152 libri:
934 4098 1033 4150 terroe
1055 4090 1098 4169 B,
1120 4099 1199 4152 terre
1220 4087 1259 4168 R,
1282 4099 1363 4151 terra
1386 4087 1416 4149 V
1431 4087 1461 4152 d.
1507 4087 1586 4171 Legi

474 4207 571 4291 igilur
594 4212 734 4291 oportet:
757 4218 904 4269 terreor.

394 4368 455 4435 770
925 4328 1137 4414 48:226.

527 4455 738 4554 Appianum
764 4499 810 4512 -
836 4456 876 4531 lit
900 4464 936 4533 et
964 4463 1063 4534 oreta
1089 4455 1215 4546 viridi,
1242 4455 1493 4548 aestimatum,
1508 4477 1587 4530 ses-

527 4586 643 4662 tertiis
670 4587 706 4661 in
732 4585 855 4664 libras,

562 4718 665 4782 Reate
687 4717 740 4782 ille
761 4717 903 4813 quisquis
926 4727 976 4784 est
999 4718 1163 4786 hominum
1186 4719 1352 4785 dootorum
1373 4719 1428 4804 qui
1450 4739 1470 4784 a
1492 4722 1587 4784 Dele-
1666 4775 1667 4794 ,
