3700 5625
452 748 518 818 1138
615 769 619 778 ’
878 748 969 811 lenes
988 746 1142 809 XXXVI.

448 965 530 1011 roae
551 943 800 1027 ,emblematum
819 942 873 1009 sol
894 942 1001 1029 petius
1024 940 1438 1028 ‚mmlmm‘sxplenda
1459 938 1557 1004 Haud

448 1062 546 1129 dubie
563 1068 676 1147 ¹trustem
697 1060 817 1148 aliqud
839 1059 977 1145 esaim
1054 1136 1058 1144 ,

367 1250 430 1321 803
874 1231 1134 1317 186=25ea

500 1355 690 1437 Subdialia
716 1358 848 1437 Graeci
872 1361 1071 1448 invenere,
1110 1354 1245 1434 talibus
1271 1356 1404 1434 domes
1430 1362 1560 1433 eonte-

499 1498 644 1592 gentes,
671 1490 780 1568 laeile
806 1497 924 1567 tractu
950 1497 1116 1590 tepente,
1144 1490 1213 1567 sed
1239 1481 1350 1567 fallax
1375 1488 1442 1565 rel.

387 1672 390 1683 .
533 1622 703 1689 Adiectiva
737 1624 822 1689 enim
853 1622 998 1688 neutrius
1030 1624 1157 1708 generis
1193 1642 1255 1708 quo
1277 1621 1459 1687 referantur
1496 1641 1560 1684 non

450 1740 579 1809 habent.
601 1740 841 1806 imminutione
852 1740 991 1825 proximi
1010 1738 1100 1805 verbi
1118 1743 1349 1825 ‚contegentes‘
1370 1740 1559 1824 absorptum

451 1859 572 1925 interiit
593 1858 782 1924 vocabulum
804 1877 932 1937 quana.
970 1856 1053 1924 Item
1074 1876 1207 1923 maneus
1229 1863 1281 1930 eat
1301 1856 1391 1929 laone

368 2042 431 2112 son
874 2026 1136 2113 197=2u6t

500 2151 656 2233 Remisit
681 2162 718 2233 et
743 2148 911 2235 liberius
937 2154 1073 2233 Caesar
1109 2152 1415 2256 Heliopolitarum
1444 2154 1561 2233 caeri-

501 2284 635 2367 moniis
661 2296 843 2389 repertam
868 2286 905 2364 in
933 2288 1138 2369 hereditate
1163 2288 1243 2367 eius
1265 2288 1328 2389 qui
1350 2288 1562 2389 praefuerat

502 2423 681 2525 Aegypto
697 2420 901 2501 vobsianam
924 2422 1124 2522 imaginem
1153 2396 1322 2499 Menelai.

536 2576 636 2643 Cuius
657 2576 811 2643 tndem?
830 2577 948 2643 Fuitne
959 2581 1126 2642 hereditate
1146 2578 1266 2659 Vestini,
1288 2596 1371 2663 quae
1382 2595 1465 2661 gene
1478 2578 1562 2642 inter

451 2695 593 2763 illustros
621 2695 816 2780 equestrium
838 2700 1108 2761 oommemoratur
1137 2716 1157 2759 a
1178 2694 1292 2763 naeu
1308 2694 1405 2773 Eiet..
1419 2694 1477 2784 lV.
1499 2695 1562 2761 531

452 2813 567 2880 Obiter
587 2833 703 2879 moneo
725 2813 754 2899 S.
775 2813 837 2882 tet
856 2814 890 2878 in
911 2813 941 2880 B
963 2833 1028 2878 non
1049 2819 1248 2882 naemudtne
1269 2813 1327 2880 sad
1349 2817 1562 2882 nossentne

453 2931 559 2998 seribi.

371 3117 436 3184 810
592 3102 661 3175 199
679 3096 882 3174 =ibidem
914 3095 983 3192 (de
1012 3098 1167 3176 obsiana
1194 3096 1256 3177 vel
1281 3097 1413 3194 vitre).

502 3230 722 3331 Fragmenta
746 3218 917 3330 teporata
940 3230 1217 3329 adglutinantur
1243 3231 1401 3326 [tament
1434 3252 1562 3308 rursus

369 3362 373 3375 '
502 3371 580 3440 tota
605 3361 709 3438 fundi
734 3383 808 3439 non
847 3363 987 3462 queunt
1012 3370 1268 3464 praeterquam
1295 3366 1452 3466 abrupta
1479 3365 1563 3443 sibi.

503 3501 580 3572 met
604 3495 642 3570 in
668 3499 803 3594 guttas,
830 3494 947 3572 veluti
974 3516 1058 3574 eum
1083 3491 1217 3573 ealeull
1241 3495 1334 3575 liunt
1359 3521 1455 3598 quos
1484 3497 1564 3597 qui·

507 3628 591 3704 dam
616 3623 793 3704 abaeulos
818 3626 1019 3734 appellant,
1042 3625 1188 3730 aliquos
1208 3637 1244 3709 et
1257 3629 1424 3734 pluribus
1440 3629 1563 3708 modis

505 3758 765 3838 versicolores,
921 3768 925 3776 “

535 3887 650 3978 Neque
672 3901 771 3955 tomen
792 3891 878 3977 quo'd
899 3902 917 3955 e
935 3893 976 3956 B²
1000 3890 1067 3958 sill.
1090 3895 1210 3978 reeeplt
1231 3914 1335 3981 neque
1357 3887 1443 3981 quo'd
1466 3886 1563 3978 vulgo

455 4010 575 4096 legitur
594 4019 708 4073 tentum
729 4007 897 4073 commode
919 4009 1072 4096 explicari
1092 4012 1221 4095 poterit,
1247 4011 1323 4076 mihi
1343 3999 1562 4098 proximarum

457 4127 651 4214 syllabarum
677 4107 790 4191 anatur
822 4148 930 4191 rursus
962 4125 1180 4214 dittographia
1213 4145 1285 4193 esee
1300 4129 1462 4213 uidetur,
1501 4151 1565 4218 qua

455 4243 639 4328 suspitione
660 4241 694 4307 11
716 4243 802 4328 apud
824 4244 1067 4329 Daleeampium
1094 4246 1435 4327 potusustentante.
1457 4271 1565 4314 rursus

456 4361 639 4426 sonmmos
678 4360 773 4434 Quod
793 4379 870 4426 vere
892 4362 1035 4447 sequitur
1052 4367 1203 4428 'abuentes
1228 4361 1399 4430 manifesto
1422 4366 1563 4451 interpo-

458 4477 735 4545 tennemonn
750 4476 772 4542 d
788 4482 904 4564 (atque
919 4478 952 4542 hi
965 4480 1028 4544 seli
1048 4481 1112 4546 ism
1134 4488 1258 4546 neemnt
1278 4490 1334 4546 aut
1355 4501 1483 4546 summa
1505 4489 1561 4546 aut

458 4593 568 4678 fflqna
588 4602 676 4659 oarte
696 4595 761 4660 fide
780 4595 889 4682 (ligni)
911 4597 1135 4682 eormgendum
1157 4606 1216 4663 est.
1238 4599 1301 4674 Qui
1315 4619 1412 4686 quum
1429 4605 1471 4665 ub
1492 4619 1562 4666 oen·

458 4716 497 4777 tta
507 4711 662 4796 seriptum
674 4712 860 4796 exhibeant,
872 4721 969 4801 atque
980 4717 1211 4798 ,vastissimas
1220 4717 1361 4786 mmet
1377 4717 1450 4784 illos
1463 4711 1563 4784 fuisse
