3700 5625
686 753 778 816 tnta
798 752 832 814 X
838 749 923 814 vm.
1311 743 1353 814 H

672 951 742 1025 261
755 948 927 1037 ²28,47.
1115 979 1118 994 ·
1225 995 1232 1002 -
1374 949 1436 1018 336
1565 991 1571 997 -

304 1127 348 1149 .-
371 1078 416 1161 si¹
430 1103 522 1160 vero
547 1077 687 1157 fertiles
712 1101 786 1157 non
812 1083 900 1155 sunt
927 1077 1056 1172 (vites,
1079 1075 1227 1169 iubent)
1244 1079 1353 1152 aceto

302 1214 373 1293 acri
397 1215 556 1293 subacto
575 1187 705 1290 cinere
730 1209 843 1310 rigari
866 1253 915 1267 -

332 1348 438 1424 Quum
465 1353 538 1434 post
558 1344 748 1432 particulam
770 1341 963 1408 subiunctlvi
994 1340 1090 1428 positi
1116 1342 1179 1407 sint
1207 1343 1292 1408 etin
1314 1343 1353 1409 iis

263 1486 333 1554 quae
352 1462 552 1553 praecedunt
572 1467 605 1528 at
626 1481 708 1548 quae
731 1461 839 1525 statim
861 1466 1053 1547 sequuntur,
1075 1459 1126 1524 hic
1147 1481 1274 1548 quoque
1294 1469 1354 1529 sint

263 1584 454 1649 scn‘bendum
477 1587 536 1647 est.
555 1585 622 1660 acis
643 1584 676 1644 et
696 1588 842 1660 nataeque
862 1583 950 1642 recte
967 1577 1104 1642 coniecit
1115 1575 1353 1665 Dalscampius

264 1721 385 1788 quorum
405 1700 543 1766 alterum
565 1697 664 1763 etiam
686 1694 849 1762 codicibus
870 1693 1082 1762 confirmatur.

667 2003 791 2080 12le¹
814 2003 928 2080 xvtlt.

705 2187 891 2276 3:1‚t

299 2314 375 2399 Nos
399 2322 437 2416 et
462 2313 618 2414 sagittas
643 2315 842 2417 unguimus
867 2341 912 2398 ac
937 2316 1034 2418 [erro
1061 2316 1132 2417 ipsi
1158 2317 1353 2398 nocentius

209 2546 210 2565 Ν
302 2448 445 2548 aliquid
465 2446 606 2541 damus,
633 2471 703 2530 nos
729 2457 770 2528 et
789 2449 1144 2528 numina·inncimns
1170 2454 1208 2526 et
1232 2473 1354 2530 rerum
1411 2435 1451 2550 J

209 2594 210 2683 l
301 2590 447 2660 naturee
462 2579 664 2676 alementa;
689 2583 810 2684 ipsum
829 2605 979 2683 quoque
993 2603 1066 2682 quo
1080 2582 1216 2660 vivitur
1229 2605 1353 2661 aerem

299 2715 561 2817 inpernicicm
584 2713 774 2794 vertimus.
949 2756 952 2764 ,
1293 2753 1329 2790 a

209 2865 210 2914 l
330 2851 397 2914 Ianr
409 2849 537 2935 saepius
551 2847 738 2935 significari,
760 2847 887 2913 codices
902 2846 965 2912 Td
986 2866 1159 2933 eorumque
1182 2846 1311 2930 similes,
1333 2868 1353 2913 a

209 2951 210 3038 ᾗ
260 2965 361 3050 quibus
381 2966 514 3052 vulgata
532 2964 602 3030 iere
622 2965 717 3031 lectio
740 2972 811 3031 orta
831 2971 901 3048 cst,
925 2964 965 3030 ab
988 2964 1117 3029 homino
1137 2986 1202 3031 non
1223 2965 1353 3031 indocto

261 3090 406 3149 correctos
426 3103 683 3170 nonnumquam,
715 3084 843 3170 saepius
866 3066 1074 3169 interpolatos
1098 3103 1187 3166 esse,
1209 3083 1352 3148 codicem

261 3218 362 3265 acum
391 3220 454 3288 quo
481 3201 551 3266 cod.
573 3200 605 3265 D
627 3206 660 3266 et
684 3206 715 3270 Θ
736 3201 844 3287 aliqua
873 3202 1063 3286 cognatione
1090 3200 1251 3265 coniuncti
1279 3221 1351 3266 esso

260 3316 403 3403 videntur,
426 3319 578 3405 antiquae
592 3318 777 3405 predaeque
797 3318 976 3403 scripturae
991 3318 1128 3403 vestigia
1148 3296 1181 3382 in
1202 3316 1252 3383 his
1265 3324 1351 3384 certe

260 3431 354 3520 libris,
382 3438 437 3502 ubi
463 3437 565 3502 altera
592 3455 695 3523 eaque
723 3436 904 3523 antiquiore
932 3434 1078 3500 codicum
1106 3434 1235 3501 lenn'lia'
1256 3434 1352 3501 desti-

261 3550 374 3638 tuimur,
395 3554 476 3640 ipsis
496 3554 558 3619 illis
579 3552 715 3636 mendis,
738 3552 853 3640 qulbus
880 3559 992 3636 scatet,
1014 3550 1231 3620 conservasse.
1250 3554 1352 3619 Cuius

209 3735 210 3766 3
262 3670 379 3736 rationis
406 3671 615 3737 memorabile
643 3675 671 3735 h.
697 3670 723 3737 t
754 3670 936 3758 exemplum
965 3671 1130 3756 reperitur.
1172 3673 1240 3763 Aen
1267 3672 1352 3737 onim

263 3789 416 3873 nequead
435 3791 556 3856 rictum
580 3789 717 3876 sufficit,
739 3789 824 3879 quod
844 3790 896 3856 val
916 3789 1084 3877 proverbio
1107 3790 1272 3875 docemur,
1294 3810 1350 3855 ne·

209 3951 210 3960 1
263 3921 315 3987 que
333 3906 491 3996 quomodo
507 3906 541 3972 in
561 3906 736 3993 perniciem
759 3913 972 3991 convertatur,
995 3912 1130 3972 constat.
1153 3906 1254 3973 Immo
1268 3928 1350 3995 quae

209 4025 210 4070 l
264 4018 318 4085 sint
335 4044 373 4088 ea
393 4024 509 4111 quibus
530 4025 674 4091 vivamus
696 4024 817 4089 Plinius
837 4025 908 4110 ipse
925 4022 1048 4089 XXIV.
1065 4026 1086 4091 4
1108 4024 1269 4109 explicuit,
1291 4026 1349 4107 ‚in-

263 4146 347 4205 ventu
365 4140 473 4207 facilia
501 4162 539 4208 ac
560 4143 630 4208 ains
651 4141 814 4228 impendio
843 4142 1013 4227 atquibus
1043 4141 1206 4225 vivimus,
1236 4138 1351 4229 quibus

263 4251 411 4325 hominum
429 4260 561 4325 fraudes
590 4281 662 4325 cum
684 4259 727 4324 ad
747 4259 939 4338 medicinam
960 4266 1028 4325 tum
1051 4258 1092 4323 ad
1112 4278 1239 4324 venena
1260 4260 1352 4325 abusi
1384 4294 1391 4305 s

265 4380 334 4438 aa
370 4377 509 4443 Venena
534 4376 597 4465 lroc
618 4396 746 4463 quoque
777 4379 852 4443 loco
868 4377 965 4460 cibis,
994 4377 1048 4463 qui
1071 4376 1111 4441 ab
1139 4378 1210 4463 ipsa
1236 4384 1352 4443 natura

264 4485 371 4579 innoxii
389 4496 691 4588 sumministrantun
722 4496 841 4581 opponi
867 4494 1054 4559 animalium
1080 4496 1229 4581 exemplo
1253 4494 1351 4561 ellici·

265 4607 318 4670 itt
335 4611 654 4697 dtqrrimolenta-illa
673 4633 737 4678 vex
757 4612 853 4676 abest
872 4632 893 4677 a
914 4612 1078 4677 codicibus
1095 4613 1166 4698 aD,
1186 4614 1297 4699 itenere
1316 4613 1351 4677 in

267 4722 366 4792 codd
390 4730 428 4797 ab
455 4735 631 4819 interprete
659 4730 853 4817 adscriptam
874 4749 947 4796 esse
971 4731 1130 4817 sequitur,
1158 4731 1212 4816 qui
1233 4731 1349 4817 ,ipsum
