3700 5625
504 553 564 624 162
965 553 1067 621 Liber
1087 555 1152 624 xl.

502 742 579 808 dum
603 742 781 827 pertinent,
802 741 1148 828 quaequell.15.bis
1168 740 1281 808 verbis
1301 752 1479 811 enumerat
1488 742 1612 809 Aristo·

501 859 603 928 teies:
633 855 715 937 litut,-
741 858 776 928 δὲ
804 859 911 928 πάντα
937 853 1005 927 ὅσα
1034 859 1089 926 τὸν
1114 857 1198 944 ἀέρα
1219 859 1381 946 δεχόμενα
1401 859 1545 929 ἀναπνεῖ
1559 858 1611 928 nal

500 979 616 1063 ἒκπνεῖ,
636 977 725 1048 aritm'
750 974 816 1063 ’ἔχει
836 978 1003 1066 atoaripova
1021 976 1081 1047 atui
1100 977 1254 1064 ἀρτηρίαν
1274 977 1333 1049 καὶ
1353 978 1537 1066 στόμαχον,
1559 981 1611 1047 cll.
1650 1027 1654 1035 -

497 1099 557 1163 lv.
570 1099 600 1163 7.
628 1098 815 1183 Utrumque
837 1098 978 1170 insectis
999 1097 1122 1162 deesse
1142 1095 1353 1165 manifestum
1373 1111 1441 1178 est,
1462 1097 1611 1184 ἀρτηρίαν

447 1255 451 1262 ·
498 1215 531 1282 id
561 1225 613 1282 est
640 1236 763 1280 nexum
787 1216 998 1301 spirabilem,
1023 1199 1191 1302 πνευμονα
1218 1214 1277 1284 καὶ
1301 1217 1474 1304 στόμαχον
1501 1220 1535 1282 id
1562 1231 1611 1285 est

500 1335 633 1400 viscera
667 1333 837 1400 interiora.
892 1333 1029 1402 Arteria
1059 1334 1146 1398 enim
1178 1335 1220 1398 ad
1253 1335 1442 1420 pulmonem
1471 1340 1611 1423 pertinet

499 1451 562 1536 (of.
578 1451 819 1538 infra§.175),
850 1471 948 1538 quem
971 1451 1004 1516 in
1027 1450 1189 1535 proximis
1211 1453 1325 1518 verbis
1343 1455 1505 1535 nominat,
1527 1457 1611 1522 sicut

497 1549 632 1638 viscera
654 1569 685 1656 §.
701 1570 734 1634 6.
778 1569 998 1636 Scribendom
1021 1578 1074 1634 est
1094 1569 1212 1654 igitur:

581 1690 708 1752 nbccra
730 1691 889 1756 interiora
910 1710 1099 1785 nexusque
1124 1688 1287 1779 spirabilis
1306 1713 1374 1758 non
1395 1694 1570 1758 inessent.
1654 1778 1655 1785 ἵ

418 1858 480 1922 199
930 1823 1106 1919 20:10,
1124 1823 1184 1901 10.

546 1976 706 2082 [Ratio
734 1977 896 2090 operis
923 1979 1081 2084 haect]
1116 1979 1278 2056 interdiu
1301 1988 1363 2054 rel.

579 2129 685 2197 Codd.
707 2129 811 2196 RTdr
830 2131 983 2196 omittunt
999 2129 1091 2198 baec.
1110 2131 1232 2217 ltaque
1255 2133 1369 2216 priora
1389 2153 1526 2218 quoque
1546 2156 1606 2219 pro

492 2244 648 2314 lemmate
669 2249 796 2314 habere
818 2249 946 2327 malim,
975 2271 1040 2334 quo
1065 2249 1097 2312 in
1120 2249 1270 2335 margine
1292 2262 1523 2336 argumentum
1545 2250 1605 2317 loci
1654 2322 1655 2329 χ

492 2370 626 2436 iucundi
649 2391 669 2434 a
691 2368 826 2435 librario
849 2369 1026 2434 indicatum
1050 2367 1163 2439 suerit.

413 2535 476 2597 roo
921 2521 1179 2618 ss=1a,15.

541 2673 586 2748 ln
623 2673 721 2756 omni
753 2675 861 2748 mella
897 2674 996 2775 quod
1028 2700 1098 2774 per
1133 2700 1175 2748 sc
1210 2674 1336 2779 fluxit,
1374 2687 1416 2748 ut
1445 2684 1602 2750 mustum

544 2811 760 2910 oleumque,
790 2811 996 2911 appellatur
1024 2821 1181 2887 acetum.
1231 2808 1396 2885 Maxime
1422 2810 1601 2888 laudabile

542 2956 600 3019 ost
626 2946 804 3024 aestivum
827 2971 935 3023 omne
960 2945 1132 3041 rutilum,
1166 2956 1214 3020 ut
1249 2946 1415 3020 diebus
1448 2950 1600 3023 conle-

541 3093 660 3157 ctum
686 3081 924 3175 siccioribus3
958 3080 1187 3181 aptissimum
1213 3082 1446 3157 existimatur
1472 3108 1495 3157 c
1520 3084 1599 3183 thy-

539 3244 598 3293 mo
622 3226 684 3293 rel.

571 3352 680 3418 Recte
695 3351 842 3437 Silligins
858 3348 1083 3419 difficillimum
1103 3352 1214 3419 locum
1236 3353 1293 3419 vix
1316 3356 1474 3441 absorta
1490 3376 1595 3421 emen·

488 3470 621 3534 datione
643 3473 789 3550 restitui,
810 3472 880 3535 lani
903 3472 1001 3535 etiam
1022 3473 1236 3536 coniecturas
1258 3472 1375 3554 (Nunt.
1389 3471 1448 3536 litt.
1462 3473 1593 3539 Monac.

486 3586 578 3653 1836.
591 3609 644 3653 no.
657 3587 732 3673 166)
757 3588 904 3653 incertas
923 3609 1012 3653 esse.
1040 3588 1211 3673 Attamen,
1231 3590 1262 3653 si
1276 3590 1355 3675 quid
1368 3592 1478 3671 rideo,
1499 3614 1595 3658 unum

486 3722 579 3775 certe
605 3706 803 3775 vocabulum
831 3708 986 3793 optimum
1013 3730 1034 3773 e
1057 3710 1155 3777 codd.
1183 3710 1346 3776 varietate
1374 3711 1445 3777 erni
1475 3724 1594 3799 potest.

484 3827 731 3917 Scilicetnlraec
754 3824 898 3910 inlibris
913 3825 1003 3895 Mss.
1016 3826 1188 3913 leguntur:
1211 3836 1341 3893 acetum
1360 3830 1507 3895 maxime
1527 3832 1593 3895 lan·

483 3947 589 4011 daln'lc
609 3956 658 4013 cst
679 3947 762 4011 estin
785 3948 849 4027 (cst
862 3946 1002 4009 csiittum
1024 3946 1084 4024 Ro
1108 3970 1204 4011 omne
1222 3948 1358 4011 rutilum
1376 3950 1430 4013 vei
1449 3954 1586 4019 sicciori·

483 4065 541 4131 bns
566 4070 768 4153 aptissimum
795 4065 856 4133 rel.
884 4065 952 4146 R¹‚
981 4076 1020 4129 act
1041 4066 1228 4131 siccioribus
1249 4068 1295 4147 Τ,
1323 4078 1361 4133 ut
1382 4067 1546 4135 ulceribus
1566 4094 1590 4137 r.

488 4179 655 4246 Ulceribus
675 4192 770 4249 recta
793 4183 870 4249 inde
893 4181 1004 4254 effecit
1023 4182 1275 4268 Dalecampius.
1314 4184 1397 4251 Mihi
1417 4188 1451 4253 in
1474 4191 1589 4255 codice

480 4296 666 4383 archetypo
689 4320 775 4366 voce
797 4299 999 4385 aptissimam
1031 4288 1210 4387 (aprunum)
1238 4303 1433 4387 absorptum
1461 4308 1588 4373 videtur

478 4414 676 4482 vocabulum
688 4416 851 4499 optimum.
884 4415 1013 4481 Deinde
1026 4429 1105 4501 post
1116 4440 1146 4485 v.
1160 4419 1299 4483 rutilum
1318 4422 1488 4498 excidisse
1509 4445 1587 4491 con·

476 4533 553 4599 iicio
573 4532 680 4597 albam
702 4546 803 4620 atque
825 4537 877 4604 sic
901 4536 1080 4621 legendnm
1101 4559 1198 4606 esse:
