3700 5625
498 594 562 662 10⁰
960 589 1061 656 Liber
1083 589 1149 658 Vr.

501 777 638 848 undum
658 776 800 858 videtur,
821 786 859 843 ut
878 775 1042 842 mera
1062 778 1152 863 quae
1172 775 1206 841 in
1221 772 1433 854 RArmisia,
1456 773 1491 839 in
1502 770 1613 838 'l'ddr-

501 897 606 985 myria
623 907 777 978 vocetur,
797 894 995 962 inamata
1008 893 1066 961 vel
1079 893 1274 975 flamma,
1296 893 1341 961 ul.
1351 889 1613 960 Arrionlndnt.

504 1026 538 1083 et
555 1014 643 1084 infru
663 1017 693 1105 §.
713 1014 792 1096 110,
814 1014 869 1080 ubi
890 1013 1050 1080 Ammi
1068 1011 1172 1098 vulgo
1191 1014 1319 1093 editur,
1339 1011 1535 1078 Idomenei
1550 1011 1580 1076 in
1597 1008 1615 1072 d

503 1135 685 1222 reperitur.

426 1303 489 1370 128
921 1287 1204 1386 115=26,29.

556 1437 677 1540 Regio
703 1436 754 1514 ibi
781 1437 962 1517 maritimo
988 1443 1172 1537 Girib03
1198 1462 1270 1541 qus
1294 1461 1389 1514 vero
1419 1436 1507 1538 ipso
1530 1429 1615 1508 subit

434 1629 436 1632 -
557 1575 603 1651 ud
630 1574 765 1651 Medos
791 1584 853 1650 rel.

592 1726 694 1791 Ouum
706 1727 855 1795 Persidis
869 1749 956 1816 quue
971 1749 1062 1795 mure
1074 1730 1209 1795 rubrum
1221 1726 1364 1813 attingit,
1383 1723 1543 1791 oratioue
1554 1737 1615 1805 pro

509 1841 563 1911 eul
586 1845 685 1912 dubio
707 1866 826 1913 munoa
849 1857 881 1914 et
903 1848 1069 1915 lacunosa
1091 1847 1254 1914 describit
1277 1844 1417 1910 Plinius.
1471 1839 1558 1917 Quid
1575 1846 1616 1900 tu-

508 1983 584 2030 men
609 1965 724 2030 dicere
745 1967 909 2052 videatur,
931 1969 1106 2055 ingeniose
1128 1965 1320 2031 Hurduinus
1340 1958 1531 2048 indagavit.
1570 1953 1615 2020 m

508 2082 580 2151 tulit
605 2083 690 2149 enim
709 2084 830 2172 locum,
853 2108 918 2174 quo
932 2085 1110 2152 manifesto
1131 2085 1221 2150 huno
1244 2085 1286 2149 de
1307 2104 1373 2170 quo
1394 2100 1491 2147 nuno
1511 2075 1615 2161 agitur,

509 2203 699 2290 respiciens
719 2202 846 2270 Plinius
868 2205 899 2292 §.
916 2205 988 2272 136.
1010 2225 1131 2288 „orum
1146 2202 1293 2289 Syrtium
1315 2201 1394 2267 viee
1416 2203 1615 2267 inaccessum

511 2322 642 2386 eoeno“
664 2341 704 2387 se
727 2322 854 2390 dixisse
878 2324 995 2405 trudit,
1026 2337 1127 2410 utque
1149 2322 1227 2388 inde
1247 2319 1398 2405 Syrtium
1418 2337 1544 2388 nomeu
1563 2307 1615 2376 sul

465 2491 469 2497 .
511 2441 616 2506 verbo
628 2451 787 2524 corrupto
799 2439 913 2506 Ciribo
928 2442 1036 2508 latere
1051 2453 1152 2508 uoute
1177 2454 1212 2509 et
1232 2460 1313 2505 vere
1333 2439 1497 2505 coniecit.
1522 2433 1616 2507 Quam

512 2577 594 2622 vero
618 2577 736 2623 vocem
760 2556 899 2637 effinxit,
920 2580 988 2645 qua
1009 2579 1118 2628 uueno
1140 2561 1321 2626 inaccessa
1343 2579 1407 2625 oru
1426 2554 1615 2641 exprimere·

475 2691 477 2696 ·
512 2688 566 2743 tur
586 2673 793 2764 Συρείβωλος,
819 2696 861 2742 eu
885 2687 919 2742 et
940 2699 1081 2764 prorsus
1101 2699 1189 2744 novo
1211 2688 1264 2743 eet
1287 2696 1330 2742 uo
1351 2676 1408 2741 vix
1423 2677 1615 2749 Graecum

512 2793 672 2883 potiunda
704 2807 737 2861 et
766 2795 892 2864 ideirco
928 2797 1070 2865 muxime
1085 2870 1090 2877 ,
1106 2797 1339 2884 reprobanda,
1375 2795 1534 2883 quoniam
1560 2802 1615 2893 119ss

513 2914 717 3000 appellativo
741 2935 839 3000 quem
861 2927 987 2983 vocant
1009 2938 1111 2985 sensu
1131 2918 1240 3005 σύρης
1259 2938 1323 3004 pro
1337 2916 1412 2981 loeo
1427 2927 1570 2980 arenoso
1587 2900 1615 2965 ln

514 3034 598 3099 mari
620 3035 792 3119 usurpavit
813 3035 961 3121 Plinius,
992 3038 1054 3102 sed
1086 3038 1128 3102 de
1153 3037 1286 3103 nomine
1309 3035 1450 3121 proprio
1475 3025 1616 3115 syrtibus

447 3140 451 3145 ’
492 3146 554 3218 'se
573 3151 721 3219 locutum
747 3174 826 3220 esse
856 3153 934 3243 ipsu
954 3176 1053 3243 quum
1077 3154 1106 3245 §
1118 3154 1188 3223 136.
1214 3155 1354 3221 instituit
1376 3144 1615 3238 comparatione

516 3272 735 3343 demonstrat.
785 3273 873 3340 Num
897 3275 932 3340 id
960 3296 1026 3339 uon
1049 3274 1188 3339 dixerim
1210 3275 1300 3361 quod
1322 3270 1474 3357 Silligius
1496 3257 1614 3333 obiecit,

516 3389 678 3455 Hurduiui
700 3393 930 3458 coniecturum
957 3414 978 3459 u
1004 3394 1159 3460 uodioum
1186 3393 1358 3478 scriptura
1378 3380 1514 3458 nimium
1534 3394 1615 3447 reos·

517 3509 620 3586 dere,
649 3528 750 3593 quum
778 3509 970 3575 Hurduiuus
999 3510 1125 3576 diserte
1152 3522 1295 3578 testatus
1321 3512 1381 3591 sit,
1411 3509 1445 3573 iu
1469 3492 1614 3572 l’on‘siblt

516 3625 687 3713 plerisque
707 3625 775 3713 legi
794 3624 982 3707 Ceribobus,
1004 3650 1069 3714 quo
1092 3629 1232 3716 propius
1253 3628 1352 3695 etium
1376 3628 1406 3693 ei
1429 3644 1529 3712 quum
1549 3633 1616 3703 91⁰·

517 3746 630 3832 posuit
659 3745 847 3830 scripturae
873 3747 1040 3811 uooedunt
1064 3748 1138 3813 libri
1166 3757 1244 3812 unte
1266 3744 1481 3827 Hermolaum
1503 3734 1616 3807 Barbu-

516 3886 590 3931 rum
612 3864 702 3949 editi,
724 3864 779 3951 qui
800 3864 926 3929 hubent
945 3862 1126 3951 Cyn'bolm.
1171 3865 1301 3940 Quodsi
1321 3865 1421 3950 igitur
1432 3851 1614 3929 neeesstrl⁰

518 4000 634 4054 nostro
655 3987 732 4052 loco
754 3984 902 4070 Syrtium
923 4005 992 4049 non
1015 3984 1155 4072 σύρηως
1174 3985 1298 4050 mentio
1319 3982 1393 4049 fieri
1413 3982 1538 4059 debuit,
1559 3972 1615 4038 cir·

519 4105 769 4189 oumspioiendu
792 4115 845 4171 est
872 4102 1065 4181 alienatio,
1093 4124 1160 4192 quu
1184 4113 1218 4169 et
1244 4124 1263 4170 e
1293 4101 1443 4187 vestigiis
1468 4102 1615 4168 librorum

517 4222 605 4289 Mss.
627 4242 745 4287 sunum
766 4244 887 4289 nomen
905 4222 1078 4307 proprium
1107 4224 1230 4287 evudut
1252 4234 1286 4288 et
1306 4234 1497 4288 structurae
1517 4226 1614 4302 gruru-

518 4341 660 4406 matieue
680 4341 831 4408 satisfiat.
853 4342 974 4429 Neque
995 4356 1062 4405 tum
1081 4340 1226 4408 difficilis
1251 4351 1304 4406 est
1324 4341 1470 4407 inventu.
1496 4338 1613 4403 Tenen·

518 4458 596 4525 dum
619 4469 673 4524 est
691 4458 789 4537 euim,
810 4480 910 4546 quem
931 4460 1032 4526 modo
1053 4459 1221 4529 attulimus
1242 4458 1540 4545 nominisspeoiem
1561 4441 1612 4511 0²·

517 4573 646 4642 nubebus
674 4573 729 4643 vel
757 4574 945 4664 motato,
981 4579 1015 4646 in
1043 4580 1267 4651 deterioribus
1296 4591 1424 4647 tautum
1453 4567 1613 4643 oodobut
