3700 5625
702 740 787 821 rara
814 742 940 804 rrrr.

714 974 759 1046 10
784 990 823 1023 ²
847 977 920 1061 25.
1392 986 1454 1053 683

240 1113 243 1117 ’
316 1100 480 1179 custodit
513 1089 634 1177 autem
670 1101 783 1179 letum
809 1101 921 1178 Linus
958 1102 1041 1179 lons
1074 1103 1109 1178 in
1145 1102 1274 1179 eadern
1300 1104 1373 1176 Ar-

316 1235 436 1310 cadia.

353 1371 478 1449 Leptinus
494 1366 538 1431 R¹
562 1370 733 1433 technas
754 1367 856 1431 isidor
878 1366 970 1433 XIII.
994 1368 1033 1435 13
1055 1374 1158 1448 recte,
1180 1374 1216 1432 ut
1236 1365 1372 1449 videtin,

270 1505 288 1547 a
307 1506 338 1548 v.
360 1486 473 1567 λέχος,
496 1506 537 1549 an
562 1488 674 1550 Ltcnur
694 1486 734 1550 ab
755 1484 925 1550 infantium
947 1486 1036 1549 cuuis
1060 1482 1248 1570 appellatur.
1414 1482 1420 1489 ’

724 1657 768 1729 13
795 1686 827 1715 =
854 1658 925 1743 2,9.
1310 1668 1463 1735 ool-85·

311 1789 467 1849 00100000.
512 1785 579 1847 Sor.
605 1790 723 1849 Corona
744 1804 786 1849 ex
806 1786 916 1870 Antig.
941 1782 1137 1869 00000178.

351 1900 397 1965 lb.
420 1903 462 1967 14
482 1921 539 1986 pro
562 1909 652 1966 Aleos
673 1900 746 1967 eV.
769 1904 829 1970 11¹7
850 1908 1038 1967 000-,41000
1116 1936 1119 1947 ·

723 2108 936 2193 rr=a1n
1393 2084 1456 2151 ⁶8⁶

318 2232 526 2337 Polyclitus
556 2235 645 2329 (ait)
688 2235 840 2335 explere
867 2235 942 2313 olci
967 2235 1088 2312 vicem
1124 2235 1225 2312 iuxta
1262 2232 1374 2310 Solos

319 2366 470 2444 Ciliciae
496 2366 671 2468 Liparirn,
709 2368 988 2470 Theophrastus
1015 2368 1089 2444 hoc
1112 2368 1210 2444 idem
1236 2369 1272 2443 in
1298 2369 1375 2443 Ae-

319 2499 462 2600 thiopia
488 2502 654 2579 eiusdem
679 2503 836 2581 nominis
861 2503 1012 2593 lontani,
1037 2495 1159 2600 Lycos
1185 2501 1222 2576 in
1238 2498 1376 2575 Tasitia

233 2698 236 2705 .
319 2635 401 2710 eius
439 2633 578 2711 lontern
621 2659 706 2713 esse
749 2638 854 2713 ouius
890 2658 986 2735 aqua
1011 2632 1153 2729 luceat3
1181 2677 1226 2690 -
1255 2629 1376 2710 Thoo-

319 2772 478 2869 pompus
517 2767 553 2844 in
582 2768 762 2849 Scotussa
801 2769 919 2848 lacurn
948 2794 1033 2848 esse
1072 2768 1160 2847 dicit
1193 2768 1253 2868 qui
1298 2766 1377 2843 vul-

319 2903 473 2980 neribus
497 2903 675 2985 medetur.
1352 2924 1354 2928 ’

354 3051 464 3117 Verba
485 3052 578 3117 Plinii
606 3075 626 3117 a
650 3054 786 3119 librariis
820 3055 1060 3139 editoribusque
1093 3051 1232 3142 pessirnc
1266 3050 1377 3114 habita

271 3170 519 3256 interpolatione
528 3147 664 3235 liberare
685 3173 782 3236 lanus
794 3193 965 3258 aggressus
989 3176 1047 3252 est,
1064 3176 1286 3254 nequetemeu
1308 3186 1376 3230 rem

273 3288 419 3352 absolvit.
449 3290 496 3350 Ac
518 3290 652 3372 primurn
677 3289 804 3375 quidem
833 3291 865 3352 in
886 3289 975 3354 libris
995 3285 1085 3352 MSS.
1109 3285 1189 3350 hacc
1211 3284 1376 3368 leguntur:

272 3413 308 3470 P.
325 3411 444 3486 expleri
464 3413 551 3469 iuxta
577 3445 612 3452 -
638 3413 760 3471 Ciliciae
780 3413 891 3486 000001
910 3405 985 3470 VRl
1009 3410 1102 3483 00000·
1123 3403 1167 3466 R²
1189 3406 1329 3479 conponit
1345 3383 1392 3482 d‚'

273 3544 290 3587 e
312 3525 428 3610 quibus
451 3523 583 3588 verbum
604 3523 816 3604 0000110000
838 3530 924 3588 recte
945 3525 1082 3588 restituit
1104 3527 1263 3585 eotamcn
1277 3517 1377 3581 falsus

273 3641 359 3725 qnod
381 3660 416 3704 eo
439 3647 515 3705 ante
550 3623 645 3721 rapui
675 3641 808 3728 intelligi
841 3661 938 3728 posse
970 3640 1103 3726 putarit.
1148 3637 1276 3702 Scilicet
1312 3655 1376 3697 nou

273 3765 423 3843 corrupta
456 3766 578 3823 tantum
602 3760 659 3824 sed
692 3781 807 3825 manca
843 3779 969 3845 quoque
991 3764 1066 3822 sunt
1102 3775 1184 3841 quae
1218 3752 1251 3816 in
1284 3751 1376 3814 codd.

273 3873 462 3939 scribuntur.
485 3875 616 3965 Litteris
640 3879 724 3942 enim
743 3883 858 3958 expleri
875 3877 954 3940 nihil
975 3874 1155 3938 continetur
1177 3871 1238 3934 nisi
1260 3849 1390 3934 nornen*

275 3998 397 4074 disrari,
441 4014 458 4057 0
482 4000 592 4072 conpari
612 4003 749 4079 quatuor
778 4014 860 4079 quae
882 3993 1069 4057 exciderant
1099 3991 1212 4054 litteris
1247 3988 1376 4052 insertis

273 4110 358 4196 quod
380 4111 443 4174 loci
455 4113 616 4176 sententia
627 4113 788 4196 flagitatur
804 4112 912 4196 prodit
933 4122 971 4176 ut
984 4117 1066 4174 uteo
1084 4113 1208 4186 uapor.
1231 4106 1313 4170 Tum
1335 4125 1376 4168 00

273 4233 331 4294 100
353 4229 483 4314 quidem
506 4228 635 4294 tolerari
656 4229 753 4296 lanus
779 4230 868 4311 vidit,
892 4228 949 4292 sed
971 4247 1067 4313 quum
1090 4245 1108 4288 e
1131 4225 1151 4290 d
1173 4246 1212 4289 oc
1238 4223 1375 4309 scripsit,

272 4345 420 4410 lacunam
454 4347 563 4410 inesse
596 4368 660 4410 non
692 4347 926 4412 animadvertit.
969 4345 1041 4419 Qua
1072 4333 1200 4426 er'rpleta
1222 4343 1378 4424 scriptura

273 4463 425 4527 librorum
447 4469 508 4529 100
529 4463 665 4530 neto
687 4465 716 4528 V
738 4466 786 4530 sic
807 4463 1011 4528 emendatur:
1042 4465 1186 4538 facere.
1229 4459 1377 4543 Denique

274 4586 427 4646 inditistra
455 4589 518 4647 0100
546 4583 645 4662 (hoec
673 4585 757 4647 enim
778 4583 930 4646 librorum
960 4580 1226 4665 suppuraret),
1261 4576 1376 4640 collato

274 4699 393 4766 XXIV.
415 4701 477 4767 161
507 4709 541 4765 01
562 4721 602 4765 ea
622 4721 705 4787 quae
727 4701 821 4786 paulo
844 4717 941 4783 supra
961 4699 994 4762 in
1015 4697 1143 4760 nornine
1164 4694 1377 4780 Theophrasti
