3700 5625
402 635 404 640 .
499 579 543 650 ὦ
963 575 1152 652 hileer.

587 766 683 834 Ponti
695 763 816 836 Euxini
831 765 921 835 ll'eta
940 768 1054 836 vivida
1073 779 1109 834 et
1128 768 1296 840 concitata
1312 770 1475 837 amnone
1494 769 1609 838 descri-

503 887 551 952 lit
567 885 703 971 Plinius,
726 898 761 954 et
781 887 957 974 Bosporos
977 889 1112 974 quidem
1132 885 1234 954 valde
1256 899 1430 974 angustos
1452 908 1530 956 esse
1546 891 1610 975 ipsa

503 1007 645 1074 numinis
667 1007 887 1096 originatione
909 1004 1083 1086 declarat,
1113 1026 1211 1093 quam
1234 1007 1353 1093 peritis
1373 1008 1435 1074 vel
1454 1008 1611 1076 indicasse

504 1126 680 1194 satisfuit.
725 1127 861 1194 Transit
883 1123 1004 1192 deinde
1025 1125 1070 1190 ad
1091 1123 1158 1191 alia
1179 1135 1379 1210 argumenta
1402 1129 1514 1214 magis
1527 1129 1613 1195 etiam

505 1245 658 1330 insignia.
700 1245 879 1322 Quomodo
906 1245 1006 1331 igitur
1028 1255 1096 1309 tam
1120 1243 1234 1330 inepte
1263 1246 1402 1311 doctu·
1427 1267 1512 1314 sese
1534 1248 1613 1312 exhi

505 1363 621 1429 baisse
645 1365 814 1448 putandus
836 1373 907 1442 est,
930 1371 969 1426 ιιι
988 1379 1059 1426 rom
1081 1364 1197 1446 pueris
1219 1365 1433 1432 notissimam
1456 1364 1612 1451 significa-

505 1497 557 1548 ret
567 1482 752 1570 iterumque
767 1483 887 1550 deinde
906 1478 1088 1568 legentium
1107 1481 1226 1550 animis
1242 1484 1462 1551 inculcaret?
1487 1486 1532 1554 At
1545 1505 1613 1550 vero

507 1601 781 1686 interpolatorem
803 1602 958 1678 eruditae
979 1601 1205 1668 annotationis
1223 1623 1291 1669 non
1312 1604 1433 1690 piguit

429 1836 489 1900 rm
968 1818 1174 1914 m=st

559 1971 649 2049 snit
673 1973 851 2074 oppidum
879 1972 1012 2048 eodem
1037 1971 1184 2046 nomine
1215 1981 1253 2046 et
1279 1971 1350 2046 alia
1376 1970 1436 2067 V,
1472 1970 1613 2047 Amano

555 2110 671 2206 nium,
685 2109 946 2214 Themiscyra
969 2107 1108 2203 Sotira,
1127 2106 1290 2202 Amasin,
1313 2107 1484 2183 Comana
1508 2128 1613 2179 nuno

557 2245 600 2320 M
612 2245 766 2321 atium.

594 2413 645 2480 lta
665 2416 766 2480 codd.
778 2417 863 2484 Rdr.
885 2419 1056 2485 Mustium
1078 2416 1169 2485 dedit
1190 2413 1350 2500 Silligius,
1371 2412 1551 2478 Musteus·
1569 2404 1614 2472 vel

508 2533 695 2600 Monteium
714 2533 840 2623 reliqui.
872 2537 1001 2602 Verum
1020 2534 1191 2604 oraculum
1209 2555 1284 2599 cum
1296 2531 1526 2598 Cumanorum
1545 2537 1612 2593 tem·

509 2651 566 2738 plo
589 2653 772 2737 antiquitus
793 2655 1007 2722 coniunctum
1025 2669 1058 2722 et
1071 2657 1127 2722 din
1140 2665 1219 2720 ante
1233 2652 1327 2718 Plinii
1348 2662 1501 2718 aetatem
1521 2647 1613 2714 luisse

507 2782 654 2852 constat,
679 2771 725 2842 cl.
739 2773 821 2845 llirt.
835 2773 916 2841 Bell.
927 2774 1027 2846 Alex.
1039 2776 1092 2843 66.
1115 2775 1253 2842 Matium
1276 2782 1388 2839 autern
1413 2771 1517 2837 etiarn
1537 2763 1611 2833 infra

507 2890 599 2978 §.12
617 2893 805 2961 nominatur
827 2896 920 2961 aMa
938 2897 1014 2975 dea,
1036 2907 1074 2961 ut
1095 2896 1239 2978 videtur,
1258 2889 1476 2977 appellatum
1504 2889 1611 2955 Mirum

507 3031 592 3079 sarrc
605 3012 747 3090 videtur,
772 3014 861 3100 quod
874 3034 1064 3102 cognomen
1075 3014 1165 3081 ‘illud
1186 3012 1301 3099 oppidi
1318 3008 1532 3078 celeberrimi
1545 3002 1611 3071 alibi

506 3152 574 3198 non
600 3132 785 3219 reperitur,
814 3155 929 3202 verum
956 3136 989 3203 in
1017 3156 1056 3202 re
1076 3135 1206 3201 incerta
1226 3131 1432 3199 coniecturis
1457 3129 1611 3197 abstinen-

509 3250 586 3317 dum
608 3251 679 3318 erit.

431 3428 491 3491 no
968 3406 1160 3501 u=at

558 3590 609 3611 ε-
648 3577 739 3655 gens
778 3554 902 3631 Salac
944 3555 1102 3657 antiquis
1141 3556 1413 3661 Phthirophagl
1458 3554 1547 3635 dicti
1580 3560 1612 3625 ot

561 3692 680 3769 alias
709 3692 826 3769 Suani
859 3732 912 3749 —-

594 3860 866 3947 Phthiroplragos
893 3880 914 3923 a
935 3859 1059 3927 Suanis
1081 3858 1252 3946 distinguit
1275 3860 1398 3926 Strabo
1419 3862 1475 3928 Xl.
1496 3882 1530 3947 p.
1546 3855 1610 3932 499,

509 3981 621 4067 itaque
642 3999 706 4068 pro
728 3979 812 4043 olins
832 3980 905 4045 sive
926 3980 993 4060 alu,
1014 3980 1106 4045 utin
1124 3979 1158 4044 R
1171 3979 1311 4065 legitur,
1332 3980 1547 4047 scribendum
1566 3981 1611 4040 est

509 4097 607 4162 olio.
674 4098 774 4165 Salas
801 4098 1014 4165 Ptolemaeus
1040 4098 1095 4163 111.
1110 4098 1142 4162 5.
1163 4098 1217 4167 22.
1248 4100 1281 4164 in
1318 4101 1486 4166 Sarmatia
1518 4096 1610 4163 Euro

510 4234 596 4299 paea
619 4215 792 4284 habitasse
814 4220 914 4284 tradit
936 4230 970 4283 et
991 4216 1084 4283 Σάλοι
1104 4215 1266 4304 appellat,
1290 4218 1380 4283 unde
1400 4209 1611 4285 sortasseSo

510 4332 562 4396 loc
584 4334 617 4397 in
638 4332 761 4400 Saloe
780 4347 910 4402 mutare
933 4346 1096 4421 praestat.
1140 4336 1222 4403 ltem
1242 4332 1611 4428 qut§.16.1u'papen'tae

510 4463 686 4532 vocantur,
708 4455 798 4538 apud
814 4455 1043 4523 Ptolemaeum
1063 4466 1142 4521 sunt
1160 4462 1361 4545 Πωγυρῖιαιι
1379 4468 1489 4525 utrum
1510 4460 1609 4521 auten

511 4591 632 4637 nomen
654 4571 914 4655 praeferendum
936 4574 1104 4656 videatur,
1133 4576 1269 4642 decerni
1291 4577 1412 4665 nequit
