3700 5625
710 757 797 820 Liber
817 755 906 818 XVI.
1247 809 1251 822 .
1311 749 1361 829 'Ii

278 953 459 1039 Cyrenarum
482 950 577 1037 ,qnod
599 948 761 1014 conditum
783 955 834 1013 est
847 950 935 1015 urbis
957 959 1085 1017 nostrae
1110 941 1193 1018 anno
1207 952 1360 1018 OXLIH.‘

276 1072 412 1135 cecidisse
440 1068 548 1134 refert.
596 1067 709 1152 Neque
739 1087 777 1130 eo
809 1069 954 1131 remedio
975 1071 1052 1132 satis
1069 1070 1122 1134 illo
1144 1070 1274 1156 quidem
1294 1071 1361 1136 vio-

275 1191 348 1252 lento
368 1208 429 1273 quo
451 1186 680 1270 Dalecarnpius
712 1161 878 1252 numerum
918 1185 1110 1266 ,CXXXVI‘
1144 1190 1173 1253 ei
1195 1189 1249 1273 qui
1271 1190 1303 1251 in
1324 1189 1363 1252 li·

277 1307 330 1370 bris
355 1304 442 1369 MSS.
476 1303 633 1388 reperitur
662 1301 827 1366 substituit
853 1303 957 1366 locum
980 1312 1123 1368 nostrum
1152 1306 1257 1369 sanari
1279 1305 1362 1370 arbi·

276 1430 339 1487 tror.
380 1422 461 1485 Tum
484 1421 569 1484 enim
590 1440 654 1483 non
690 1409 825 1500 ,circiter
856 1440 975 1484 annum
1001 1419 1182 1486 CXXXVI‘
1208 1423 1265 1487 sed
1292 1425 1362 1508 ipso
1432 1499 1437 1506 Ι

206 1566 207 1597 l
273 1541 316 1604 illo
349 1561 431 1604 anno
467 1538 549 1602 silva
581 1544 659 1600 nata
688 1556 765 1636 ‘esse
798 1546 989 1604 narraretur.
1034 1539 1182 1621 Accedit,
1224 1541 1363 1625 ut‘pro·

273 1659 346 1721 xima
373 1655 531 1743 particula
557 1660 617 1717 iam
644 1655 826 1718 necessario
849 1654 966 1721 diversi
990 1658 1142 1742 temporis
1165 1659 1362 1722 notationem

274 1775 408 1860 flagitet.‘
432 1777 499 1838 lam
520 1793 595 1837 vero
617 1771 859 1857 Theophrastus
882 1774 978 1854 ,eirca
999 1775 1085 1838 urbis
1105 1775 1227 1840 Romae
1244 1795 1362 1839 annum
1464 1800 1469 1810 ,

274 1890 440 1955 OOOOXL‘
481 1890 647 1975 scripsisse
668 1889 757 1954 XIII.
781 1891 839 1956 101
864 1891 1009 1955 traditur.
1053 1891 1136 1966 Quid
1166 1893 1265 1976 igitur
1279 1891 1362 1956 'faoi-

273 2011 323 2072 lius
344 2017 390 2073 est
412 2029 508 2094 quam
529 2027 661 2070 numero
685 2008 800 2071 leniter
822 2008 993 2073 emendato
1016 2031 1144 2074 versum
1164 2009 1291 2074 XXVII
1312 2009 1362 2073 lit·

207 2194 208 2199 ,
275 2135 399 2190 terarum
420 2127 467 2190 ita
488 2133 697 2210 transponere
718 2133 754 2188 ut
774 2124 915 2210 legatur:
1321 2209 1327 2218 Α

308 2285 341 2321 -,
361 2265 535 2321 crassoque.
578 2247 702 2306 Hedera
730 2249 791 2305 iam
816 2249 927 2307 dicitvr
956 2249 987 2308 in
1010 2252 1082 2307 Asin
1112 2251 1214 2319 nasci3
1243 2250 1365 2308 circiter

208 2374 209 2383 ’
306 2370 382 2428 artie
404 2361 520 2427 Romae
534 2352 536 2355 ¹
549 2381 658 2425 narniam
682 2365 877 2425 CCCCXXX
881 2351 919 2425 X.
941 2375 1105 2440 neyanerat
1131 2366 1364 2443 Theophrastus·

680 2600 749 2679 146
764 2601 943 2688 =3l,62.
1102 2638 1111 2648 ·
1184 2619 1189 2630 ’
1383 2608 1446 2680 278

314 2749 479 2827 Fructum
507 2770 655 2848 quoque
682 2747 878 2824 candidum
904 2749 1098 2826 ferentium
1125 2747 1205 2825 aliis
1225 2747 1365 2826 densus

315 2884 436 2959 acinus
464 2890 501 2958 ei
527 2882 712 2981 grandior,
739 2883 895 2958 racemis
920 2883 957 2958 in
985 2884 1113 2960 orbern
1135 2882 1365 2959 circumactis

315 3018 372 3115 qui
397 3026 578 3093 vocantur
611 3014 792 3111 corymbi,
828 3015 914 3091 item
942 3015 1150 3093 selonitium
1178 3017 1282 3091 ouius
1309 3021 1367 3091 est
1465 3036 1467 3041 ’

315 3150 431 3263 minor
453 3149 602 3238 sainna,
641 3146 804 3246 sparsior
829 3171 999 3225 racemus
1008 3173 1019 3249 3
1057 3146 1165 3226 simili
1191 3149 1302 3224 modo
1330 3149 1366 3223 In

303 3284 425 3380 nigra.
454 3280 578 3356 Alieni
606 3288 643 3355 et
668 3302 797 3357 semen
812 3281 969 3381 nigrum,
997 3279 1058 3357 alii
1084 3288 1270 3360 crocatum
1298 3287 1367 3357 etc.
1470 3264 1475 3271 ⁸

344 3408 518 3516 Vulgatam
545 3429 630 3495 hanc
656 3428 796 3495 hederae
819 3430 1065 3519 descriptionem
1086 3432 1233 3498 vitiosam
1256 3452 1328 3496 esse
1351 3450 1369 3495 e

277 3545 415 3613 librorum
433 3547 526 3613 MSS.
554 3548 711 3613 varietate
733 3549 786 3634 qui
809 3548 850 3613 ad
872 3570 971 3613 unum
994 3570 1105 3615 omnes
1126 3557 1305 3615 sileniricnm
1327 3562 1369 3615 est

275 3645 391 3749 babent,
414 3665 480 3730 sill.
493 3665 662 3758 intellexit,
684 3665 771 3729 idem
783 3668 1000 3738 coniecturam
1018 3668 1095 3733 satis
1116 3668 1276 3751 infelicem
1296 3688 1368 3753 pro-

227 3866 230 3875 ·
275 3784 369 3863 poenit
395 3788 574 3867 Silenicam,
605 3789 669 3863 cni,
697 3783 732 3873 in
755 3805 818 3868 qua
839 3792 987 3849 neutrum
1011 3806 1113 3868 genus
1142 3786 1219 3850 mihi
1241 3783 1369 3870 quidem

275 3895 462 3965 intolerabile
493 3900 628 3964 videtur.
670 3902 767 3965 Ianus
795 3902 923 3988 scripsit
944 3908 1097 3981 Silenicis,
1131 3913 1198 3982 aaa.
1215 3902 1249 3965 in
1271 3921 1368 3979 anno-

276 4017 383 4081 tatione
403 3993 435 4105 p,
458 4017 530 4082 VII.
553 4023 690 4096 Silenici,
722 4017 755 4081 in
776 4018 877 4103 praef.
899 4019 960 4086 vol.
987 4019 1042 4085 VI.
1066 4025 1203 4098 Silenici,
1232 4026 1294 4084 cai
1314 4032 1368 4083 est.

276 4129 387 4213 Variari
404 4134 584 4199 orationem
599 4141 742 4222 apparet,
763 4157 835 4199 oum
846 4142 915 4200 aliis
926 4158 983 4222 per
998 4138 1220 4203 attractionem
1233 4136 1370 4223 proximi
1415 4172 1418 4178 ·

276 4253 409 4318 vocabuli
429 4254 645 4317 nominativus
662 4254 865 4337 respondeat.
890 4254 1100 4319 Scribendum
1124 4261 1174 4318 est
1197 4254 1280 4319 eninr
1303 4262 1370 4318 itan
1456 4227 1459 4233 Ι

278 4370 387 4434 Silenici
410 4379 472 4448 (sc.
496 4370 682 4454 corymbo),
704 4392 771 4434 cnm
792 4383 837 4434 est
856 4371 912 4434 rel.
937 4369 986 4435 Of.
1008 4371 1218 4457 Theophrast.
1241 4374 1297 4450 ΙΙΙ,
1320 4372 1369 4447 18.

278 4483 301 4548 a.
332 4485 502 4570 Candidaa,
518 4488 658 4551 hederae
680 4488 851 4573 generibus
874 4488 1030 4552 absolutis
1053 4478 1094 4552 ad
1112 4488 1246 4553 alterum
1269 4508 1370 4574 genus
1412 4494 1413 4499 ’

279 4604 407 4670 transitio
437 4628 459 4671 a
492 4605 622 4670 vocibus
657 4606 763 4686 ,simili
783 4605 889 4670 modo‘
911 4606 1044 4690 incipit,
1074 4582 1224 4692 quocirca
1245 4607 1369 4691 plenius

279 4727 341 4798 post
372 4726 537 4805 ,racemus‘
579 4722 839 4808 distinguendum
875 4730 908 4787 et
951 4724 996 4787 sic
1025 4724 1262 4809 procedendum
1305 4729 1369 4786 est:

1210 4832 1358 4915 2..
