3700 5625
720 757 811 820 liber
832 755 915 819 rr}
923 755 957 818 V.
1336 749 1397 820 133

291 953 395 1036 &VJ
427 958 573 1018 odoratae
604 952 636 1016 iu
668 950 738 1016 eod.
762 971 798 1033 e,
831 959 860 1013 et
881 956 987 1014 attritu
1010 955 1155 1014 odoratus
1176 949 1209 1012 in
1231 969 1247 1011 r
1268 949 1296 1012 F]
1317 947 1396 1033 legi-

288 1080 349 1137 tur.
392 1070 602 1136 Scribendum
624 1075 675 1134 eet
706 1069 804 1154 igitur
824 1067 930 1133 verbis
951 1073 1039 1132 reete
1062 1065 1237 1135 ordinetis:
1271 1087 1299 1130 u.
1322 1085 1347 1128 e.
1370 1085 1396 1129 e.

283 1212 315 1269 p.
339 1212 368 1254 n.
391 1193 518 1270 effluens
538 1200 566 1252 et
588 1193 693 1251 attritu
715 1193 862 1250 odoratus
883 1206 1028 1250 verrucas
1049 1207 1119 1265 pap.
1144 1189 1226 1248 tollii.

436 1287 444 1296 '
775 1303 907 1373 ibidem.
1417 1293 1480 1362 err

336 1423 471 1525 Populi
497 1424 619 1501 ierunt
657 1391 756 1500 etin
795 1421 893 1498 iuliis
925 1427 1067 1522 gut-iem
1109 1443 1156 1496 ex
1195 1440 1268 1518 que
1298 1441 1397 1518 epes
1502 1481 1504 1488 ,

335 1557 522 1658 propolim
554 1558 710 1650 ieeiunt3
747 1561 852 1654 gutte
884 1575 1034 1653 quoque
1073 1573 1192 1650 aeque
1229 1573 1274 1628 eu
1313 1573 1398 1651 pro-

337 1689 436 1790 polis
463 1712 634 1789 exeque
666 1687 809 1764 efiieex.

373 1843 474 1900 equae
497 1827 634 1902 propolis
656 1817 775 1903 ΨΜ,
816 1821 849 1884 in
875 1839 895 1883 e
922 1820 1038 1885 leeune
1060 1816 1184 1882 videtur
1215 1815 1340 1896 inesse,
1370 1813 1398 1878 ei

191 2016 192 2022 ἵ
283 1939 385 2004 medo
406 1946 494 2004 reete
516 1939 548 2021 d,
571 1937 655 2026 quod
677 1944 727 2002 eet
749 1937 835 2022 epud
858 1937 936 2020 sili,
958 1937 991 2002 in
1015 1957 1034 1999 e
1055 1942 1151 2000 muto.
1187 1931 1397 1998 Seribendum

284 2063 338 2121 eet
360 2057 473 2144 igitur:
507 2069 593 2137 uultu
615 2075 732 2138 quoque
754 2067 872 2136 atque
889 2075 981 2136 prop.
1002 2074 1029 2117 e.
1051 2077 1079 2117 u.
1103 2074 1127 2118 e.
1160 2050 1211 2116 lta
1232 2062 1319 2115 turne
1339 2070 1396 2136 pro

284 2186 356 2239 ture
375 2175 408 2239 in
430 2172 460 2238 V
482 2175 510 2258 ξ.
536 2173 605 2239 102.

735 2312 948 2396 67:931,
1197 2307 1198 2316 ’
1335 2304 1479 2372 ern-18

336 2433 514 2535 Myrieeu,
541 2459 650 2535 quam
682 2439 817 2516 ericam
844 2446 1000 2528 vocent,
1043 2436 1212 2514 Lenaeus
1240 2437 1396 2518 similem

338 2569 694 2668 scopis-Amerinis.
1297 2555 1299 2560 ’
1390 2571 1395 2582 ’

262 2733 267 2742 ’
372 2700 562 2768 Orationem
584 2701 631 2766 ite
650 2723 715 2768 nen
735 2703 908 2768 eeheerere
930 2704 1001 2789 ipre
1023 2702 1088 2768 Sili
1103 2702 1223 2782 eeneit,
1245 2703 1313 2767 Iun.
1337 2709 1397 2770 iam

191 2857 193 2893 1
283 2814 438 2901 uonieeit,
459 2819 585 2883 facilius
608 2820 801 2886 adsensum
824 2830 856 2885 et
876 2822 966 2887 libris
978 2820 1070 2885 MSS.
1093 2840 1194 2906 neque
1217 2840 1396 2887 aeeemmo·

284 2938 402 3002 datum
415 2941 508 3015 (nem
520 2944 699 3001 eumerieam
721 2937 844 3004 hebent
858 2943 889 3006 Θ
902 2938 970 3001 V'i
986 2938 1016 3019 d,
1038 2958 1104 3001 eam
1123 2945 1234 3002 emerem
1258 2940 1294 3021 a)
1320 2941 1395 3004 erit:

284 3060 428 3137 myricen
451 3061 538 3117 eriam
560 3074 585 3120 e.
607 3076 635 3117 u.
664 3055 693 3139 S.
715 3055 757 3122 68
778 3056 876 3121 ueteri
905 3055 997 3123 eodd.
1027 3055 1147 3121 hebent
1171 3062 1274 3133 erneis
1299 3069 1395 3121 aurem

283 3185 411 3252 auctor,
446 3177 590 3249 eqruuir
611 3186 734 3256 auctor,
765 3174 896 3237 nemine
919 3174 1037 3259 quippe
1065 3176 1192 3257 proprio
1216 3194 1280 3238 non
1295 3174 1395 3238 ¹intel-

283 3291 382 3357 leetn.
406 3288 518 3353 Seribo
539 3295 644 3368 oreris
666 3294 936 3355 Erasistratus
957 3303 1074 3357 auctor.
1096 3290 1125 3374 §.
1147 3291 1188 3357 83
1209 3287 1275 3355 sill.
1298 3291 1395 3356 inter·

190 3392 194 3399 ¹
282 3406 424 3491 pulavit,
458 3426 523 3469 non
555 3406 693 3471 eorrexit
713 3407 827 3471 Ieuue:
871 3408 1017 3475 mutilem
1040 3428 1113 3472 esse
1137 3410 1315 3473 orationem
1339 3429 1394 3493 ep·
1450 3482 1451 3487 γ

191 3545 192 3552 ³
269 3511 393 3609 'peret
435 3517 547 3588 Talem
568 3525 716 3589 leeunam
739 3525 768 3610 S.
790 3525 831 3593 92
852 3525 960 3589 inesse
989 3525 1128 3591 editores
1151 3534 1395 3611 perspexerunt,

284 3662 385 3727 quem
409 3640 558 3726 equidem
579 3661 644 3705 non
665 3649 739 3726 poet
753 3664 784 3707 v.
805 3655 915 3707 uocant
936 3642 994 3707 eed
1015 3650 1088 3727 pest
1101 3665 1130 3707 v.
1153 3656 1239 3708 aceto
1261 3644 1306 3709 ite
1327 3644 1395 3709 fere

191 3769 192 3806 3
285 3756 485 3843 explendem
507 3778 580 3823 esee
601 3778 619 3821 e
637 3758 835 3823 Dieeeeridie
857 3758 1041 3826 leuel.147
1059 3731 1212 3841 urbitium
1236 3767 1308 3825 {ritu
1329 3782 1395 3825 eum

284 3882 370 3940 melle
392 3887 421 3938 et
440 3881 515 3939 illim
536 3896 602 3960 eum
625 3888 711 3940 acere
726 3884 914 3958 preryyr'a
935 3897 1261 3957 yanuraenarque
1289 3883 1394 3942 eeti-

284 4000 379 4057 beni
411 4012 475 4057 uno
508 4013 603 4057 versu
624 3992 737 4057 XXIX
771 3994 949 4058 litterarum
981 3995 1139 4067 restituto.
1184 3995 1212 4079 §.
1235 3990 1276 4062 94
1293 3996 1396 4060 obiter

284 4130 404 4175 moneo
426 4130 491 4175 nen
513 4115 736 4191 erythrodunus
757 4111 815 4175 sed
836 4085 1071 4193 erythrodenum
1089 4112 1291 4178 scribendum
1305 4134 1392 4178 enee:

287 4229 352 4293 hue
374 4227 460 4292 enim
482 4247 584 4313 genus
607 4234 640 4291 et
659 4226 867 4293 Dieeeeridee
882 4228 940 4294 ΙΠ.
963 4229 1024 4297 150
1045 4237 1078 4293 et
1099 4237 1207 4295 nostro
1231 4232 1301 4294 loeo
1323 4230 1395 4294 libri

285 4344 380 4411 MSS.
404 4342 570 4429 praebent.

719 4469 766 4539 99
780 4499 826 4531 =
842 4468 957 4555 ii‚59.

339 4594 416 4672 Res
443 4594 619 4671 murinum
647 4602 714 4671 esi.
768 4596 849 4673 Due
876 4618 1017 4696 genere
1045 4596 1123 4673 eius
1150 4594 1214 4671 rel.

369 4726 476 4790 Primo
504 4726 661 4791 veeebulo
683 4728 780 4791 lenus
808 4727 943 4791 leeuuee
978 4728 1104 4813 signum
1136 4727 1309 4813 prudenter
1337 4748 1391 4812 ep·

1415 4552 1477 4620 em
1542 4642 1544 4647 Ι
