<?xml version="1.0" encoding="UTF-8"?>
<!DOCTYPE html PUBLIC "-//W3C//DTD XHTML 1.0 Transitional//EN"
    "http://www.w3.org/TR/xhtml1/DTD/xhtml1-transitional.dtd">
<html xmlns="http://www.w3.org/1999/xhtml" xml:lang="en" lang="en">
 <head>
  <title>
</title>
<meta http-equiv="Content-Type" content="text/html;charset=utf-8" />
  <meta name='ocr-system' content='tesseract 3.04.00' />
  <meta name='ocr-capabilities' content='ocr_page ocr_carea ocr_par ocr_line ocrx_word'/>
</head>
<body>
  <div class='ocr_page' id='page_1' title='image "./vindiciaeplinia01urligoog_0379.png"; bbox 0 0 3700 5625; ppageno 0'>
   <div class='ocr_carea' id='block_1_1' title="bbox 708 764 944 826">
    <p class='ocr_par' dir='ltr' id='par_1_1' title="bbox 708 764 944 826">
     <span class='ocr_line' id='line_1_1' title="bbox 708 764 944 826; baseline 0 -1"><span class='ocrx_word' id='word_1_1' title='bbox 708 764 799 825; x_wconf 77' lang='lat' dir='ltr'>liber</span> <span class='ocrx_word' id='word_1_2' title='bbox 819 764 944 826; x_wconf 89' lang='lat' dir='ltr'><em>XXIX.</em></span> 
     </span>
    </p>
   </div>
   <div class='ocr_carea' id='block_1_2' title="bbox 325 997 1464 1489">
    <p class='ocr_par' dir='ltr' id='par_1_2' title="bbox 325 997 1464 1489">
     <span class='ocr_line' id='line_1_2' title="bbox 734 997 1429 1084; baseline -0.063 -11"><span class='ocrx_word' id='word_1_3' title='bbox 734 997 917 1084; x_wconf 75' lang='lat' dir='ltr'>no=1a</span> <span class='ocrx_word' id='word_1_4' title='bbox 1369 1040 1373 1049; x_wconf 65' lang='grc'><em>,</em></span> <span class='ocrx_word' id='word_1_5' title='bbox 1425 1064 1429 1077; x_wconf 24' lang='lat'>⁸</span> 
     </span>
     <span class='ocr_line' id='line_1_3' title="bbox 327 1054 1464 1204; baseline -0.011 0"><span class='ocrx_word' id='word_1_6' title='bbox 327 1125 523 1203; x_wconf 87' lang='lat' dir='ltr'>Ordiemur</span> <span class='ocrx_word' id='word_1_7' title='bbox 548 1134 669 1204; x_wconf 87' lang='lat' dir='ltr'>autem</span> <span class='ocrx_word' id='word_1_8' title='bbox 697 1149 718 1202; x_wconf 89' lang='lat' dir='ltr'>a</span> <span class='ocrx_word' id='word_1_9' title='bbox 745 1125 928 1203; x_wconf 83' lang='lat' dir='ltr'>confessis</span> <span class='ocrx_word' id='word_1_10' title='bbox 970 1124 1044 1202; x_wconf 93' lang='lat' dir='ltr'>hoc</span> <span class='ocrx_word' id='word_1_11' title='bbox 1071 1131 1128 1201; x_wconf 87' lang='lat' dir='ltr'>est</span> <span class='ocrx_word' id='word_1_12' title='bbox 1165 1121 1258 1199; x_wconf 90' lang='lat' dir='ltr'>lanis</span> <span class='ocrx_word' id='word_1_13' title='bbox 1282 1124 1381 1200; x_wconf 90' lang='lat' dir='ltr'>ovis·</span> <span class='ocrx_word' id='word_1_14' title='bbox 1403 1054 1464 1125; x_wconf 52' lang='lat'>6³6</span> 
     </span>
     <span class='ocr_line' id='line_1_4' title="bbox 327 1255 1382 1359; baseline -0.02 -20"><span class='ocrx_word' id='word_1_15' title='bbox 327 1281 400 1357; x_wconf 89' lang='lat' dir='ltr'>que</span> <span class='ocrx_word' id='word_1_16' title='bbox 427 1260 547 1337; x_wconf 85' lang='lat' dir='ltr'>obiter</span> <span class='ocrx_word' id='word_1_17' title='bbox 570 1265 609 1334; x_wconf 89' lang='lat' dir='ltr'>ut</span> <span class='ocrx_word' id='word_1_18' title='bbox 634 1260 746 1337; x_wconf 90' lang='lat' dir='ltr'>rebus</span> <span class='ocrx_word' id='word_1_19' title='bbox 779 1258 989 1359; x_wconf 82' lang='lat' dir='ltr'>praecipuis</span> <span class='ocrx_word' id='word_1_20' title='bbox 1027 1255 1148 1335; x_wconf 85' lang='lat' dir='ltr'>honos</span> <span class='ocrx_word' id='word_1_21' title='bbox 1180 1257 1216 1332; x_wconf 92' lang='lat' dir='ltr'>iu</span> <span class='ocrx_word' id='word_1_22' title='bbox 1257 1257 1382 1357; x_wconf 76' lang='lat' dir='ltr'>primis</span> 
     </span>
     <span class='ocr_line' id='line_1_5' title="bbox 325 1390 574 1489; baseline 0 -21"><span class='ocrx_word' id='word_1_23' title='bbox 325 1390 574 1489; x_wconf 78' lang='lat' dir='ltr'><strong>perhibeatur.</strong></span> 
     </span>
    </p>
   </div>
   <div class='ocr_carea' id='block_1_3' title="bbox 272 1520 1423 2309">
    <p class='ocr_par' dir='ltr' id='par_1_3' title="bbox 272 1520 1423 2309">
     <span class='ocr_line' id='line_1_6' title="bbox 330 1520 1380 1609; baseline 0.002 -24"><span class='ocrx_word' id='word_1_24' title='bbox 330 1520 452 1588; x_wconf 87' lang='lat' dir='ltr'>Vocem</span> <span class='ocrx_word' id='word_1_25' title='bbox 474 1529 570 1587; x_wconf 81' lang='lat' dir='ltr'>obiter</span> <span class='ocrx_word' id='word_1_26' title='bbox 595 1523 708 1587; x_wconf 90' lang='lat' dir='ltr'>honori</span> <span class='ocrx_word' id='word_1_27' title='bbox 731 1542 835 1587; x_wconf 90' lang='lat' dir='ltr'>rerum</span> <span class='ocrx_word' id='word_1_28' title='bbox 856 1523 1100 1609; x_wconf 90' lang='lat' dir='ltr'>praecipuarum</span> <span class='ocrx_word' id='word_1_29' title='bbox 1123 1541 1303 1609; x_wconf 83' lang='lat' dir='ltr'>repugnare</span> <span class='ocrx_word' id='word_1_30' title='bbox 1325 1543 1380 1608; x_wconf 90' lang='lat' dir='ltr'>ap·</span> 
     </span>
     <span class='ocr_line' id='line_1_7' title="bbox 277 1638 1423 1726; baseline 0.001 -24"><span class='ocrx_word' id='word_1_31' title='bbox 277 1645 380 1723; x_wconf 89' lang='lat' dir='ltr'>paret,</span> <span class='ocrx_word' id='word_1_32' title='bbox 405 1639 568 1704; x_wconf 83' lang='lat' dir='ltr'>sciliceta</span> <span class='ocrx_word' id='word_1_33' title='bbox 590 1639 797 1726; x_wconf 90' lang='lat' dir='ltr'>sequentibus</span> <span class='ocrx_word' id='word_1_34' title='bbox 818 1640 903 1704; x_wconf 90' lang='lat' dir='ltr'>male</span> <span class='ocrx_word' id='word_1_35' title='bbox 923 1642 1102 1726; x_wconf 79' lang='lat' dir='ltr'>repetitam.</span> <span class='ocrx_word' id='word_1_36' title='bbox 1129 1638 1274 1726; x_wconf 82' lang='lat' dir='ltr'><strong>Namque</strong></span> <span class='ocrx_word' id='word_1_37' title='bbox 1296 1640 1381 1726; x_wconf 92' lang='lat' dir='ltr'>quod</span> <span class='ocrx_word' id='word_1_38' title='bbox 1414 1690 1423 1703; x_wconf 77' lang='grc'>,</span> 
     </span>
     <span class='ocr_line' id='line_1_8' title="bbox 274 1755 1382 1843; baseline 0.004 -26"><span class='ocrx_word' id='word_1_39' title='bbox 274 1757 307 1819; x_wconf 90' lang='lat' dir='ltr'>in</span> <span class='ocrx_word' id='word_1_40' title='bbox 331 1755 507 1843; x_wconf 85' lang='lat' dir='ltr'>archetypo</span> <span class='ocrx_word' id='word_1_41' title='bbox 540 1758 635 1822; x_wconf 91' lang='lat' dir='ltr'>tertio</span> <span class='ocrx_word' id='word_1_42' title='bbox 657 1758 697 1822; x_wconf 89' lang='lat' dir='ltr'>ab</span> <span class='ocrx_word' id='word_1_43' title='bbox 720 1756 780 1822; x_wconf 89' lang='lat' dir='ltr'>hoc</span> <span class='ocrx_word' id='word_1_44' title='bbox 801 1778 896 1822; x_wconf 86' lang='lat' dir='ltr'>versu</span> <span class='ocrx_word' id='word_1_45' title='bbox 923 1764 1062 1823; x_wconf 88' lang='lat' dir='ltr'>exeunte</span> <span class='ocrx_word' id='word_1_46' title='bbox 1085 1757 1237 1843; x_wconf 83' lang='lat' dir='ltr'>scriptum</span> <span class='ocrx_word' id='word_1_47' title='bbox 1260 1758 1382 1822; x_wconf 87' lang='lat' dir='ltr'>exstitit</span> 
     </span>
     <span class='ocr_line' id='line_1_9' title="bbox 273 1874 1382 1961; baseline 0.003 -24"><span class='ocrx_word' id='word_1_48' title='bbox 273 1880 371 1937; x_wconf 84' lang='lat' dir='ltr'>obiter</span> <span class='ocrx_word' id='word_1_49' title='bbox 392 1875 518 1939; x_wconf 91' lang='lat' dir='ltr'>scribae</span> <span class='ocrx_word' id='word_1_50' title='bbox 550 1876 650 1940; x_wconf 89' lang='lat' dir='ltr'>oculis</span> <span class='ocrx_word' id='word_1_51' title='bbox 673 1874 896 1940; x_wconf 89' lang='lat' dir='ltr'>aberrantibus</span> <span class='ocrx_word' id='word_1_52' title='bbox 923 1875 988 1941; x_wconf 92' lang='lat' dir='ltr'>huo</span> <span class='ocrx_word' id='word_1_53' title='bbox 1009 1882 1181 1940; x_wconf 87' lang='lat' dir='ltr'>retractum</span> <span class='ocrx_word' id='word_1_54' title='bbox 1204 1882 1268 1958; x_wconf 91' lang='lat' dir='ltr'>est,</span> <span class='ocrx_word' id='word_1_55' title='bbox 1305 1896 1382 1961; x_wconf 93' lang='lat' dir='ltr'>quo·</span> 
     </span>
     <span class='ocr_line' id='line_1_10' title="bbox 273 1990 1381 2079; baseline 0.003 -24"><span class='ocrx_word' id='word_1_56' title='bbox 273 1990 371 2071; x_wconf 87' lang='lat' dir='ltr'>modo</span> <span class='ocrx_word' id='word_1_57' title='bbox 392 1997 467 2079; x_wconf 89' lang='lat' dir='ltr'>post</span> <span class='ocrx_word' id='word_1_58' title='bbox 487 2014 586 2057; x_wconf 90' lang='lat' dir='ltr'>unum</span> <span class='ocrx_word' id='word_1_59' title='bbox 608 2012 736 2057; x_wconf 86' lang='lat' dir='ltr'>versum</span> <span class='ocrx_word' id='word_1_60' title='bbox 758 1992 906 2057; x_wconf 90' lang='lat' dir='ltr'>librarius</span> <span class='ocrx_word' id='word_1_61' title='bbox 931 1992 1031 2061; x_wconf 87' lang='lat' dir='ltr'>oodioi</span> <span class='ocrx_word' id='word_1_62' title='bbox 1052 1992 1084 2056; x_wconf 89' lang='lat' dir='ltr'><strong>R</strong></span> <span class='ocrx_word' id='word_1_63' title='bbox 1108 1997 1204 2070; x_wconf 78' lang='lat' dir='ltr'>fidem</span> <span class='ocrx_word' id='word_1_64' title='bbox 1224 1994 1381 2079; x_wconf 85' lang='lat' dir='ltr'>repetivit.</span> 
     </span>
     <span class='ocr_line' id='line_1_11' title="bbox 273 2108 1381 2196; baseline 0.001 -23"><span class='ocrx_word' id='word_1_65' title='bbox 273 2108 388 2195; x_wconf 87' lang='lat' dir='ltr'>Itaque</span> <span class='ocrx_word' id='word_1_66' title='bbox 410 2110 545 2175; x_wconf 85' lang='lat' dir='ltr'>molesto</span> <span class='ocrx_word' id='word_1_67' title='bbox 574 2108 794 2175; x_wconf 90' lang='lat' dir='ltr'>additamento</span> <span class='ocrx_word' id='word_1_68' title='bbox 817 2117 976 2196; x_wconf 85' lang='lat' dir='ltr'>expuncto</span> <span class='ocrx_word' id='word_1_69' title='bbox 1005 2110 1208 2176; x_wconf 92' lang='lat' dir='ltr'>scribendum</span> <span class='ocrx_word' id='word_1_70' title='bbox 1232 2116 1282 2175; x_wconf 87' lang='lat' dir='ltr'>est</span> <span class='ocrx_word' id='word_1_71' title='bbox 1304 2118 1381 2175; x_wconf 84' lang='lat' dir='ltr'>outr-</span> 
     </span>
     <span class='ocr_line' id='line_1_12' title="bbox 272 2228 583 2309; baseline 0.003 -18"><span class='ocrx_word' id='word_1_72' title='bbox 272 2248 340 2309; x_wconf 78' lang='lat' dir='ltr'>que,</span> <span class='ocrx_word' id='word_1_73' title='bbox 363 2241 396 2292; x_wconf 83' lang='lat' dir='ltr'>ut</span> <span class='ocrx_word' id='word_1_74' title='bbox 417 2234 507 2292; x_wconf 82' lang='lat' dir='ltr'>retur</span> <span class='ocrx_word' id='word_1_75' title='bbox 527 2228 583 2293; x_wconf 91' lang='lat' dir='ltr'>rel.</span> 
     </span>
    </p>
   </div>
   <div class='ocr_carea' id='block_1_4' title="bbox 322 2384 1462 2745">
    <p class='ocr_par' dir='ltr' id='par_1_4' title="bbox 322 2384 1462 2745">
     <span class='ocr_line' id='line_1_13' title="bbox 651 2384 1462 2480; baseline -0.001 -22"><span class='ocrx_word' id='word_1_76' title='bbox 651 2385 697 2458; x_wconf 78' lang='lat'>47</span> <span class='ocrx_word' id='word_1_77' title='bbox 727 2384 997 2472; x_wconf 79' lang='lat' dir='ltr'>at48=3,11.</span> <span class='ocrx_word' id='word_1_78' title='bbox 1401 2406 1462 2480; x_wconf 72' lang='lat'>637</span> 
     </span>
     <span class='ocr_line' id='line_1_14' title="bbox 323 2512 1380 2626; baseline 0 -35"><span class='ocrx_word' id='word_1_79' title='bbox 323 2512 416 2592; x_wconf 85' lang='lat' dir='ltr'>Cibo</span> <span class='ocrx_word' id='word_1_80' title='bbox 441 2522 532 2615; x_wconf 90' lang='lat' dir='ltr'>quot</span> <span class='ocrx_word' id='word_1_81' title='bbox 569 2512 691 2592; x_wconf 93' lang='lat' dir='ltr'>modis</span> <span class='ocrx_word' id='word_1_82' title='bbox 720 2520 835 2615; x_wconf 86' lang='lat' dir='ltr'>(ova)</span> <span class='ocrx_word' id='word_1_83' title='bbox 877 2514 1005 2626; x_wconf 74' lang='lat' dir='ltr'>iurent</span> <span class='ocrx_word' id='word_1_84' title='bbox 1036 2522 1163 2591; x_wconf 90' lang='lat' dir='ltr'>notum</span> <span class='ocrx_word' id='word_1_85' title='bbox 1189 2521 1263 2605; x_wconf 88' lang='lat' dir='ltr'>est,</span> <span class='ocrx_word' id='word_1_86' title='bbox 1299 2537 1380 2591; x_wconf 91' lang='lat' dir='ltr'>cum</span> 
     </span>
     <span class='ocr_line' id='line_1_15' title="bbox 322 2646 1381 2745; baseline 0.002 -24"><span class='ocrx_word' id='word_1_87' title='bbox 322 2654 550 2724; x_wconf 81' lang='lat' dir='ltr'><strong>transmeent</strong></span> <span class='ocrx_word' id='word_1_88' title='bbox 589 2647 749 2724; x_wconf 89' lang='lat' dir='ltr'>faucium</span> <span class='ocrx_word' id='word_1_89' title='bbox 781 2656 962 2724; x_wconf 88' lang='lat' dir='ltr'>tumorem</span> <span class='ocrx_word' id='word_1_90' title='bbox 989 2646 1221 2745; x_wconf 80' lang='lat' dir='ltr'>calfactuque</span> <span class='ocrx_word' id='word_1_91' title='bbox 1264 2649 1381 2725; x_wconf 90' lang='lat' dir='ltr'>obiter</span> 
     </span>
    </p>
   </div>
   <div class='ocr_carea' id='block_1_5' title="bbox 271 2779 1473 4391">
    <p class='ocr_par' dir='ltr' id='par_1_5' title="bbox 321 2779 1089 2860">
     <span class='ocr_line' id='line_1_16' title="bbox 321 2779 1089 2860; baseline 0.004 -5"><span class='ocrx_word' id='word_1_92' title='bbox 321 2780 485 2859; x_wconf 86' lang='lat' dir='ltr'>foveant.</span> <span class='ocrx_word' id='word_1_93' title='bbox 539 2780 669 2860; x_wconf 89' lang='lat' dir='ltr'>Nullus</span> <span class='ocrx_word' id='word_1_94' title='bbox 696 2780 871 2858; x_wconf 86' lang='lat' dir='ltr'>astallus</span> <span class='ocrx_word' id='word_1_95' title='bbox 898 2779 1003 2858; x_wconf 88' lang='lat' dir='ltr'>cibus</span> <span class='ocrx_word' id='word_1_96' title='bbox 1023 2779 1089 2858; x_wconf 89' lang='lat' dir='ltr'>rel.</span> 
     </span>
    </p>

    <p class='ocr_par' dir='ltr' id='par_1_6' title="bbox 271 2911 1473 4391">
     <span class='ocr_line' id='line_1_17' title="bbox 315 2911 1381 3000; baseline 0.003 -24"><span class='ocrx_word' id='word_1_97' title='bbox 315 2911 396 2977; x_wconf 86' lang='lat' dir='ltr'>Oibo</span> <span class='ocrx_word' id='word_1_98' title='bbox 419 2914 603 2980; x_wconf 78' lang='lat' dir='ltr'>stomachus</span> <span class='ocrx_word' id='word_1_99' title='bbox 624 2916 751 2979; x_wconf 89' lang='lat' dir='ltr'>iuvatur</span> <span class='ocrx_word' id='word_1_100' title='bbox 773 2934 953 3000; x_wconf 83' lang='lat' dir='ltr'>corpusque</span> <span class='ocrx_word' id='word_1_101' title='bbox 976 2912 1071 2979; x_wconf 84' lang='lat' dir='ltr'>alitur</span> <span class='ocrx_word' id='word_1_102' title='bbox 1090 2934 1196 3000; x_wconf 89' lang='lat' dir='ltr'>neque</span> <span class='ocrx_word' id='word_1_103' title='bbox 1210 2921 1381 2999; x_wconf 86' lang='lat' dir='ltr'>propterea</span> 
     </span>
     <span class='ocr_line' id='line_1_18' title="bbox 271 3029 1381 3119; baseline 0.005 -27"><span class='ocrx_word' id='word_1_104' title='bbox 271 3029 358 3115; x_wconf 88' lang='lat' dir='ltr'>quod</span> <span class='ocrx_word' id='word_1_105' title='bbox 386 3030 498 3098; x_wconf 83' lang='lat' dir='ltr'>fauces</span> <span class='ocrx_word' id='word_1_106' title='bbox 531 3033 619 3098; x_wconf 87' lang='lat' dir='ltr'>fovet</span> <span class='ocrx_word' id='word_1_107' title='bbox 640 3053 736 3098; x_wconf 89' lang='lat' dir='ltr'>sanas</span> <span class='ocrx_word' id='word_1_108' title='bbox 770 3030 888 3096; x_wconf 92' lang='lat' dir='ltr'>nedum</span> <span class='ocrx_word' id='word_1_109' title='bbox 914 3029 1064 3095; x_wconf 86' lang='lat' dir='ltr'>tumidas.</span> <span class='ocrx_word' id='word_1_110' title='bbox 1108 3033 1252 3118; x_wconf 79' lang='lat' dir='ltr'>Apparet</span> <span class='ocrx_word' id='word_1_111' title='bbox 1283 3033 1381 3119; x_wconf 84' lang='lat' dir='ltr'>igitur</span> 
     </span>
     <span class='ocr_line' id='line_1_19' title="bbox 271 3147 1379 3235; baseline 0.005 -25"><span class='ocrx_word' id='word_1_112' title='bbox 271 3147 371 3212; x_wconf 88' lang='lat' dir='ltr'>verba</span> <span class='ocrx_word' id='word_1_113' title='bbox 387 3170 454 3213; x_wconf 85' lang='lat' dir='ltr'>cum</span> <span class='ocrx_word' id='word_1_114' title='bbox 473 3187 516 3199; x_wconf 90' lang='lat'>—</span> <span class='ocrx_word' id='word_1_115' title='bbox 534 3157 662 3229; x_wconf 83' lang='lat' dir='ltr'>foveant</span> <span class='ocrx_word' id='word_1_116' title='bbox 689 3149 730 3214; x_wconf 91' lang='lat' dir='ltr'>ad</span> <span class='ocrx_word' id='word_1_117' title='bbox 751 3148 897 3214; x_wconf 87' lang='lat' dir='ltr'>morbum</span> <span class='ocrx_word' id='word_1_118' title='bbox 927 3149 1065 3235; x_wconf 80' lang='lat' dir='ltr'>aliquem</span> <span class='ocrx_word' id='word_1_119' title='bbox 1102 3148 1213 3214; x_wconf 89' lang='lat' dir='ltr'>referri</span> <span class='ocrx_word' id='word_1_120' title='bbox 1240 3149 1379 3215; x_wconf 88' lang='lat' dir='ltr'>faucium</span> 
     </span>
     <span class='ocr_line' id='line_1_20' title="bbox 271 3255 1379 3351; baseline 0.003 -21"><span class='ocrx_word' id='word_1_121' title='bbox 271 3287 367 3351; x_wconf 91' lang='lat' dir='ltr'>quem</span> <span class='ocrx_word' id='word_1_122' title='bbox 395 3268 572 3334; x_wconf 85' lang='lat' dir='ltr'>luculenter</span> <span class='ocrx_word' id='word_1_123' title='bbox 595 3255 802 3333; x_wconf 89' lang='lat' dir='ltr'>Dioscorides</span> <span class='ocrx_word' id='word_1_124' title='bbox 824 3266 865 3332; x_wconf 87' lang='lat'>11.</span> <span class='ocrx_word' id='word_1_125' title='bbox 888 3268 929 3334; x_wconf 78' lang='lat' dir='ltr'>bb</span> <span class='ocrx_word' id='word_1_126' title='bbox 956 3265 1005 3331; x_wconf 91' lang='lat' dir='ltr'>his</span> <span class='ocrx_word' id='word_1_127' title='bbox 1031 3266 1137 3332; x_wconf 87' lang='lat' dir='ltr'>verbis</span> <span class='ocrx_word' id='word_1_128' title='bbox 1166 3268 1379 3334; x_wconf 89' lang='lat' dir='ltr'>demonstrat:</span> 
     </span>
     <span class='ocr_line' id='line_1_21' title="bbox 271 3381 1473 3474; baseline 0.003 -26"><span class='ocrx_word' id='word_1_129' title='bbox 271 3381 495 3474; x_wconf 77' lang='grc' dir='ltr'><strong><em>ἆκραχλιαρόν</em></strong></span> <span class='ocrx_word' id='word_1_130' title='bbox 523 3386 561 3451; x_wconf 80' lang='grc' dir='ltr'>δὲ</span> <span class='ocrx_word' id='word_1_131' title='bbox 586 3385 732 3471; x_wconf 81' lang='grc' dir='ltr'><strong><em>πρὸς-</em></strong></span> <span class='ocrx_word' id='word_1_132' title='bbox 753 3385 961 3473; x_wconf 76' lang='grc' dir='ltr'><strong><em>τραχυσμοὺς</em></strong></span> <span class='ocrx_word' id='word_1_133' title='bbox 982 3390 1139 3474; x_wconf 75' lang='grc' dir='ltr'><strong><em>τραχείας</em></strong></span> <span class='ocrx_word' id='word_1_134' title='bbox 1164 3385 1321 3474; x_wconf 75' lang='grc' dir='ltr'><strong><em>ἀρτηρίας</em></strong></span> <span class='ocrx_word' id='word_1_135' title='bbox 1339 3425 1381 3435; x_wconf 88' lang='lat'>-</span> <span class='ocrx_word' id='word_1_136' title='bbox 1460 3419 1473 3465; x_wconf 63' lang='lat' dir='ltr'><em>j</em></span> 
     </span>
     <span class='ocr_line' id='line_1_22' title="bbox 272 3499 1379 3594; baseline 0.006 -30"><span class='ocrx_word' id='word_1_137' title='bbox 272 3499 419 3588; x_wconf 80' lang='grc' dir='ltr'><strong><em>ἁρμόζει.</em></strong></span> <span class='ocrx_word' id='word_1_138' title='bbox 463 3502 566 3578; x_wconf 85' lang='lat' dir='ltr'>Quem</span> <span class='ocrx_word' id='word_1_139' title='bbox 595 3501 744 3566; x_wconf 89' lang='lat' dir='ltr'>morbum</span> <span class='ocrx_word' id='word_1_140' title='bbox 773 3501 869 3586; x_wconf 88' lang='lat' dir='ltr'>paulo</span> <span class='ocrx_word' id='word_1_141' title='bbox 899 3522 997 3594; x_wconf 86' lang='lat' dir='ltr'>supra</span> <span class='ocrx_word' id='word_1_142' title='bbox 1017 3502 1142 3582; x_wconf 79' lang='lat' dir='ltr'>Plinius</span> <span class='ocrx_word' id='word_1_143' title='bbox 1170 3524 1267 3590; x_wconf 90' lang='lat' dir='ltr'>quum</span> <span class='ocrx_word' id='word_1_144' title='bbox 1295 3525 1379 3570; x_wconf 91' lang='lat' dir='ltr'>oom-</span> 
     </span>
     <span class='ocr_line' id='line_1_23' title="bbox 272 3618 1380 3702; baseline 0.004 -20"><span class='ocrx_word' id='word_1_145' title='bbox 272 3628 501 3702; x_wconf 87' lang='lat' dir='ltr'>memorasset,</span> <span class='ocrx_word' id='word_1_146' title='bbox 532 3618 653 3684; x_wconf 88' lang='lat' dir='ltr'>factum</span> <span class='ocrx_word' id='word_1_147' title='bbox 668 3625 777 3684; x_wconf 83' lang='lat' dir='ltr'>estut</span> <span class='ocrx_word' id='word_1_148' title='bbox 799 3639 881 3683; x_wconf 89' lang='lat' dir='ltr'>unus</span> <span class='ocrx_word' id='word_1_149' title='bbox 903 3640 1015 3684; x_wconf 86' lang='lat' dir='ltr'>versus</span> <span class='ocrx_word' id='word_1_150' title='bbox 1037 3620 1183 3686; x_wconf 87' lang='lat' dir='ltr'>XXVIII</span> <span class='ocrx_word' id='word_1_151' title='bbox 1204 3621 1380 3687; x_wconf 88' lang='lat' dir='ltr'>litterarum</span> 
     </span>
     <span class='ocr_line' id='line_1_24' title="bbox 273 3736 1380 3823; baseline 0.005 -24"><span class='ocrx_word' id='word_1_152' title='bbox 273 3736 495 3819; x_wconf 86' lang='lat' dir='ltr'>intercideret,</span> <span class='ocrx_word' id='word_1_153' title='bbox 528 3757 611 3823; x_wconf 93' lang='lat' dir='ltr'>quae</span> <span class='ocrx_word' id='word_1_154' title='bbox 642 3743 750 3801; x_wconf 89' lang='lat' dir='ltr'>autem</span> <span class='ocrx_word' id='word_1_155' title='bbox 778 3736 866 3800; x_wconf 90' lang='lat' dir='ltr'>illurn</span> <span class='ocrx_word' id='word_1_156' title='bbox 902 3738 1107 3822; x_wconf 87' lang='lat' dir='ltr'>excipiebant</span> <span class='ocrx_word' id='word_1_157' title='bbox 1139 3740 1238 3804; x_wconf 89' lang='lat' dir='ltr'>verba</span> <span class='ocrx_word' id='word_1_158' title='bbox 1270 3739 1380 3816; x_wconf 86' lang='lat' dir='ltr'>sedem</span> 
     </span>
     <span class='ocr_line' id='line_1_25' title="bbox 271 3852 1379 3953; baseline 0.004 -35"><span class='ocrx_word' id='word_1_159' title='bbox 271 3860 439 3920; x_wconf 85' lang='lat' dir='ltr'>mutarent.</span> <span class='ocrx_word' id='word_1_160' title='bbox 483 3854 606 3929; x_wconf 83' lang='lat' dir='ltr'>Quibus</span> <span class='ocrx_word' id='word_1_161' title='bbox 627 3854 656 3938; x_wconf 70' lang='lat'>§2</span> <span class='ocrx_word' id='word_1_162' title='bbox 670 3857 711 3922; x_wconf 81' lang='lat'>47</span> <span class='ocrx_word' id='word_1_163' title='bbox 734 3852 851 3953; x_wconf 83' lang='lat' dir='ltr'>additis</span> <span class='ocrx_word' id='word_1_164' title='bbox 873 3855 1009 3919; x_wconf 89' lang='lat' dir='ltr'>Plinium</span> <span class='ocrx_word' id='word_1_165' title='bbox 1032 3856 1077 3920; x_wconf 89' lang='lat' dir='ltr'>sic</span> <span class='ocrx_word' id='word_1_166' title='bbox 1092 3857 1258 3943; x_wconf 87' lang='lat' dir='ltr'>scripsisse</span> <span class='ocrx_word' id='word_1_167' title='bbox 1281 3859 1379 3922; x_wconf 93' lang='lat' dir='ltr'>conii·</span> 
     </span>
     <span class='ocr_line' id='line_1_26' title="bbox 272 3972 1379 4055; baseline 0.004 -19"><span class='ocrx_word' id='word_1_168' title='bbox 272 3973 337 4037; x_wconf 89' lang='lat' dir='ltr'>cio:</span> <span class='ocrx_word' id='word_1_169' title='bbox 379 3972 518 4055; x_wconf 82' lang='lat' dir='ltr'>,Dantur</span> <span class='ocrx_word' id='word_1_170' title='bbox 540 3979 572 4036; x_wconf 90' lang='lat' dir='ltr'>et</span> <span class='ocrx_word' id='word_1_171' title='bbox 599 3972 807 4037; x_wconf 89' lang='lat' dir='ltr'>tussientibus</span> <span class='ocrx_word' id='word_1_172' title='bbox 840 3978 986 4036; x_wconf 84' lang='lat' dir='ltr'>coctast</span> <span class='ocrx_word' id='word_1_173' title='bbox 1019 3973 1094 4037; x_wconf 90' lang='lat' dir='ltr'>trita</span> <span class='ocrx_word' id='word_1_174' title='bbox 1122 3995 1194 4039; x_wconf 87' lang='lat' dir='ltr'>oum</span> <span class='ocrx_word' id='word_1_175' title='bbox 1222 3974 1317 4039; x_wconf 91' lang='lat' dir='ltr'>melle</span> <span class='ocrx_word' id='word_1_176' title='bbox 1347 3983 1379 4041; x_wconf 93' lang='lat' dir='ltr'>et</span> 
     </span>
     <span class='ocr_line' id='line_1_27' title="bbox 273 4090 1378 4176; baseline 0.003 -22"><span class='ocrx_word' id='word_1_177' title='bbox 273 4091 370 4155; x_wconf 91' lang='lat' dir='ltr'>cruda</span> <span class='ocrx_word' id='word_1_178' title='bbox 392 4099 467 4154; x_wconf 74' lang='lat' dir='ltr'>cum</span> <span class='ocrx_word' id='word_1_179' title='bbox 487 4110 584 4176; x_wconf 90' lang='lat' dir='ltr'>passo</span> <span class='ocrx_word' id='word_1_180' title='bbox 606 4090 733 4176; x_wconf 90' lang='lat' dir='ltr'>oleique</span> <span class='ocrx_word' id='word_1_181' title='bbox 754 4091 823 4176; x_wconf 86' lang='lat' dir='ltr'>pari</span> <span class='ocrx_word' id='word_1_182' title='bbox 845 4090 953 4173; x_wconf 83' lang='lat' dir='ltr'>modo,</span> <span class='ocrx_word' id='word_1_183' title='bbox 984 4097 1051 4155; x_wconf 83' lang='lat' dir='ltr'>item</span> <span class='ocrx_word' id='word_1_184' title='bbox 1073 4104 1162 4155; x_wconf 80' lang='lat' dir='ltr'>cocto</span> <span class='ocrx_word' id='word_1_185' title='bbox 1184 4099 1304 4157; x_wconf 80' lang='lat' dir='ltr'>arteriis</span> <span class='ocrx_word' id='word_1_186' title='bbox 1326 4115 1378 4158; x_wconf 83' lang='lat' dir='ltr'>ea·</span> 
     </span>
     <span class='ocr_line' id='line_1_28' title="bbox 272 4207 1377 4296; baseline 0.005 -26"><span class='ocrx_word' id='word_1_187' title='bbox 272 4214 432 4289; x_wconf 75' lang='lat' dir='ltr'>ceperatis,</span> <span class='ocrx_word' id='word_1_188' title='bbox 455 4229 527 4273; x_wconf 89' lang='lat' dir='ltr'>cum</span> <span class='ocrx_word' id='word_1_189' title='bbox 548 4214 747 4273; x_wconf 87' lang='lat' dir='ltr'>transmeent</span> <span class='ocrx_word' id='word_1_190' title='bbox 767 4207 908 4272; x_wconf 87' lang='lat' dir='ltr'>faucium</span> <span class='ocrx_word' id='word_1_191' title='bbox 923 4215 1079 4275; x_wconf 89' lang='lat' dir='ltr'>tumorem</span> <span class='ocrx_word' id='word_1_192' title='bbox 1097 4208 1296 4296; x_wconf 88' lang='lat' dir='ltr'>calfactuque</span> <span class='ocrx_word' id='word_1_193' title='bbox 1310 4212 1377 4275; x_wconf 92' lang='lat' dir='ltr'>obi·</span> 
     </span>
     <span class='ocr_line' id='line_1_29' title="bbox 272 4326 493 4391; baseline 0.005 -2"><span class='ocrx_word' id='word_1_194' title='bbox 272 4333 319 4390; x_wconf 89' lang='lat' dir='ltr'>ter</span> <span class='ocrx_word' id='word_1_195' title='bbox 339 4326 493 4391; x_wconf 63' lang='lat' dir='ltr'>foveant!</span> 
     </span>
    </p>
   </div>
   <div class='ocr_carea' id='block_1_6' title="bbox 319 4464 1378 4829">
    <p class='ocr_par' dir='ltr' id='par_1_7' title="bbox 319 4464 1378 4829">
     <span class='ocr_line' id='line_1_30' title="bbox 688 4464 931 4554; baseline 0.004 -16"><span class='ocrx_word' id='word_1_196' title='bbox 688 4464 691 4476; x_wconf 74' lang='lat'>&#39;</span> <span class='ocrx_word' id='word_1_197' title='bbox 721 4466 931 4554; x_wconf 79' lang='lat' dir='ltr'>55:3‚l3.</span> 
     </span>
     <span class='ocr_line' id='line_1_31' title="bbox 319 4592 1378 4674; baseline 0.004 -5"><span class='ocrx_word' id='word_1_198' title='bbox 319 4592 373 4670; x_wconf 85' lang='lat' dir='ltr'>lle</span> <span class='ocrx_word' id='word_1_199' title='bbox 390 4613 563 4669; x_wconf 87' lang='lat' dir='ltr'>anserum</span> <span class='ocrx_word' id='word_1_200' title='bbox 589 4594 671 4669; x_wconf 91' lang='lat' dir='ltr'>ovis</span> <span class='ocrx_word' id='word_1_201' title='bbox 698 4651 707 4669; x_wconf 83' lang='lat'><strong>.</strong></span> <span class='ocrx_word' id='word_1_202' title='bbox 736 4653 743 4669; x_wconf 92' lang='lat'><strong>.</strong></span> <span class='ocrx_word' id='word_1_203' title='bbox 773 4651 781 4669; x_wconf 90' lang='lat'><strong>.</strong></span> <span class='ocrx_word' id='word_1_204' title='bbox 810 4595 1024 4674; x_wconf 86' lang='lat' dir='ltr'>dicturi</span> <span class='ocrx_word' id='word_1_205' title='bbox 1052 4594 1232 4671; x_wconf 89' lang='lat' dir='ltr'>debemus</span> <span class='ocrx_word' id='word_1_206' title='bbox 1258 4594 1378 4674; x_wconf 90' lang='lat' dir='ltr'>hono-</span> 
     </span>
     <span class='ocr_line' id='line_1_32' title="bbox 323 4726 1376 4829; baseline 0.006 -29"><span class='ocrx_word' id='word_1_207' title='bbox 323 4748 399 4802; x_wconf 90' lang='lat' dir='ltr'>rem</span> <span class='ocrx_word' id='word_1_208' title='bbox 425 4734 463 4802; x_wconf 87' lang='lat' dir='ltr'>et</span> <span class='ocrx_word' id='word_1_209' title='bbox 489 4730 741 4824; x_wconf 82' lang='lat' dir='ltr'>Commageno</span> <span class='ocrx_word' id='word_1_210' title='bbox 768 4727 991 4804; x_wconf 86' lang='lat' dir='ltr'>clarissimae</span> <span class='ocrx_word' id='word_1_211' title='bbox 1021 4726 1084 4804; x_wconf 89' lang='lat' dir='ltr'>rei.</span> <span class='ocrx_word' id='word_1_212' title='bbox 1111 4727 1166 4803; x_wconf 85' lang='lat' dir='ltr'>Fit</span> <span class='ocrx_word' id='word_1_213' title='bbox 1192 4751 1240 4806; x_wconf 87' lang='lat' dir='ltr'>ex</span> <span class='ocrx_word' id='word_1_214' title='bbox 1266 4729 1376 4829; x_wconf 87' lang='lat' dir='ltr'>adipe</span> 
     </span>
    </p>
   </div>
   <div class='ocr_carea' id='block_1_7' title="bbox 1399 4515 1461 4586">
    <p class='ocr_par' dir='ltr' id='par_1_8' title="bbox 1399 4515 1461 4586">
     <span class='ocr_line' id='line_1_33' title="bbox 1399 4515 1461 4586; baseline 0 -2"><span class='ocrx_word' id='word_1_215' title='bbox 1399 4515 1461 4586; x_wconf 78' lang='lat'>638</span> 
     </span>
    </p>
   </div>
   <div class='ocr_carea' id='block_1_8' title="bbox 0 0 1854 5625">
    <p class='ocr_par' dir='ltr' id='par_1_9' title="bbox 0 0 1854 5625">
     <span class='ocr_line' id='line_1_34' title="bbox 0 0 1854 5625; baseline 0 0"><span class='ocrx_word' id='word_1_216' title='bbox 0 0 1854 5625; x_wconf 95' lang='lat' dir='ltr'> </span> 
     </span>
    </p>
   </div>
  </div>
 </body>
</html>
