3700 5625
708 588 808 655 Lu‘ier
829 587 918 656 Vrr.
1307 590 1369 657 133

310 773 441 848 {antem
459 797 508 849 ex
530 799 597 850 ore
616 774 654 852 in
669 775 910 854 Proconneso
930 778 1033 856 corvi
1051 775 1188 878 effigie,
1209 800 1367 878 magna

308 933 424 1008 quae
451 913 666 1012 sequitur
691 913 1012 990 fabulositate.

336 1080 386 1146 ita
407 1083 510 1168 vulgo
533 1084 608 1148 inde
629 1101 651 1146 u
666 1082 817 1148 Barbare
840 1081 972 1168 legitur,
993 1091 1123 1166 aperta,
1143 1090 1180 1145 ut
1199 1090 1292 1146 recte
1315 1080 1363 1144 iu·

265 1197 515 1289 dicatSiliigius‚
534 1199 798 1285 interpolatione.
842 1201 1027 1268 Editionem
1048 1201 1136 1266 enim
1149 1199 1365 1264 Parmensem

265 1317 382 1382 aldid
404 1319 533 1384 habere
553 1321 654 1386 tradit
667 1321 837 1387 Pintianus
858 1342 944 1415 quoe
963 1341 1084 1408 mopso
1104 1318 1278 1413 muuerituu·
1290 1314 1361 1420 [αὖ.

264 1433 399 1502 Codices
416 1446 527 1502 autem
541 1437 627 1506 Mus.
639 1437 797 1522 leguntR
813 1457 972 1532 mugnuq3
994 1438 1083 1500 rituu-
1101 1455 1142 1498 ac
1162 1432 1259 1519 (iaec
1269 1454 1311 1499 m.
1322 1435 1361 1520 1)

262 1566 383 1646 oquae
394 1555 699 1649 naquaquucritur
711 1552 775 1632 Ιιίο,
798 1553 849 1618 'l'd
869 1574 956 1648 queue
968 1575 1089 1642 mupna
1102 1554 1276 1647 quaeritur
1287 1551 1361 1634 tac,

264 1670 350 1735 codd.
371 1671 473 1740 Barb.
493 1694 612 1762 mupm
637 1669 797 1765 equidem.
855 1670 891 1735 ln
913 1670 1123 1736 emendando
1148 1679 1259 1735 autem
1281 1670 1359 1737 ioco

263 1786 368 1870 procui
390 1786 546 1852 habenda
568 1790 631 1855 erit
654 1789 759 1872 prima
775 1807 844 1852 vox
862 1809 963 1881 quoe,
986 1787 1097 1853 alienu
1117 1807 1139 1852 a
1158 1789 1254 1855 codd.
1274 1786 1306 1854 R
1326 1800 1361 1856 et

262 1903 364 1984 Bura,
387 1905 421 1969 in
441 1907 564 1972 ceteris
583 1924 603 1970 e
624 1903 842 1990 sequentibus
863 1905 976 1970 verbis
997 1914 1124 1970 temere
1143 1906 1296 1990 repetita.
1321 1907 1359 1972 ln

260 2020 388 2106 reliquis
410 2022 531 2088 deinde
552 2020 679 2087 omissa
700 2019 812 2085 ultima
832 2019 944 2087 littera
965 2037 998 2101 ο,
1017 2038 1038 2088 r
1059 2041 1143 2087 vero
1165 2023 1199 2087 in
1220 2038 1252 2104 s,
1276 2044 1358 2110 qua-

261 2159 325 2202 cum
346 2140 549 2225 saepissime
573 2135 733 2202 confundi
760 2146 875 2203 uotum
898 2146 953 2204 est
978 2145 1122 2216 mutata,
1145 2135 1276 2205 lineolis
1298 2161 1357 2224 po·

259 2269 373 2325 stremo
391 2279 479 2345 quae
493 2267 711 2338 evanuerant,
729 2257 891 2324 restitutis
911 2255 1110 2340 scripturam
1130 2256 1358 2324 nanciscimur

258 2396 375 2458 veram,
395 2377 460 2442 nisi
481 2376 593 2457 fallor,
617 2387 650 2444 et
669 2375 873 2462 elegantem:

440 2516 614 2584 mupnonu
634 2493 870 2588 quaesitura
888 2487 1167 2578 fabulositatem.

329 2647 475 2712 Primum
498 2647 584 2712 enim
606 2645 695 2732 quod
717 2643 751 2709 in
768 2644 905 2712 Aristea
923 2644 1075 2712 mirabile
1094 2645 1234 2726 accidit,
1261 2649 1356 2713 corvi

257 2760 308 2827 iuit
337 2762 508 2844 evolutus,
536 2773 614 2849 post
644 2781 741 2851 quem
769 2772 888 2829 secuta
912 2772 992 2830 sunt
1016 2761 1198 2850 longinqua
1224 2761 1355 2846 itinera,

257 2882 371 2949 reditus
391 2883 425 2949 in
442 2883 585 2968 patriam
606 2892 641 2949 et
660 2891 739 2969 post
759 2902 868 2949 annos
882 2882 1024 2969 amplius
1039 2892 1211 2950 trecentos
1230 2883 1355 2950 adven·

258 3011 303 3066 tus
327 3001 360 3067 iu
381 3001 629 3086 Metapontum,
658 2998 701 3067 ci.
720 3000 845 3068 Herod.
864 2999 924 3069 IV.
940 2998 1088 3071 13-15.
1137 3000 1355 3087 Quapropter

199 3194 201 3207 .
259 3118 354 3185 anima
374 3121 477 3199 scite,
500 3120 576 3187 dum
599 3118 737 3205 primum
757 3118 852 3183 corvi
878 3116 993 3205 effigie
1014 3116 1138 3202 auolat,
1159 3116 1354 3186 fabulosita-

259 3246 314 3301 ten
333 3238 521 3324 quaesiisse
543 3237 672 3303 dicitur.

655 3403 728 3481 191
746 3403 937 3497 .-.-56,57.
1368 3420 1431 3490 166

298 3554 434 3633 Emere
460 3579 504 3631 ac
529 3556 693 3634 vendere
718 3553 877 3631 instituit
901 3552 1032 3631 Liber
1045 3563 1163 3654 pater.

328 3722 496 3790 Lacunam
517 3722 550 3793 lu.
567 3720 588 3791 1.
615 3725 727 3790 inesse
754 3723 946 3807 suspicatus
973 3732 1026 3789 est
1053 3721 1212 3788 Osnnuns
1233 3718 1351 3787 Philoi.

259 3836 316 3905 Vli.
327 3862 359 3927 p.
367 3840 443 3927 394,
463 3864 563 3928 quum
581 3825 667 3929 quae
686 3841 740 3907 hic
751 3841 887 3908 Baccho
901 3842 1087 3908 tribuuntur
1099 3838 1260 3905 Mercurii
1279 3860 1351 3905 mu·

258 3958 461 4039 maduerint,
484 3978 624 4045 eamque
647 3959 698 4024 sic
719 3958 879 4044 explevit,
900 3969 938 4025 ut
958 3968 1037 4045 post
1049 3980 1081 4024 v.
1100 3956 1240 4021 imtitutu’t
1259 3956 1349 4021 inse·

258 4088 351 4143 reret:
375 4078 580 4157 Mercurius,
604 4074 794 4141 libertatem.
837 4074 937 4143 Haud
957 4076 1031 4143 scio
1054 4096 1097 4139 an
1118 4083 1214 4140 recta
1234 4094 1350 4141 sense-

259 4191 302 4255 n't
340 4194 438 4271 Quod
460 4193 547 4269 enim
566 4192 658 4277 upnd
677 4191 869 4259 Varronem
889 4191 929 4258 L.
943 4191 984 4256 L.
1008 4191 1351 4263 virtutemnon

261 4307 304 4375 die
323 4332 404 4380 anus
423 4332 487 4397 per
507 4321 611 4377 totum
637 4309 795 4394 oppidum
821 4307 946 4374 sedere
967 4308 1122 4375 dicuntur
1147 4330 1254 4389 „cum
1274 4309 1351 4377 libis

262 4435 289 4489 et
307 4426 412 4494 ioculo
432 4447 496 4513 pro
520 4435 671 4512 emptore
691 4422 959 4507 sacrificantes“,
981 4424 1059 4491 inde
1081 4427 1211 4494 minime
1231 4448 1352 4494 conse·

262 4544 355 4627 quitur
381 4544 480 4613 deum
511 4547 622 4633 ipsum
650 4564 726 4611 cum
755 4553 948 4611 mercatura
974 4544 1202 4616 Romanorum
1227 4546 1351 4629 fabulis
