3700 5625
700 572 802 641 Liber
820 573 910 641 VII.
1299 567 1361 636 127

261 759 381 844 gersios
403 756 517 824 retulit
538 777 717 831 ascensum
736 770 858 830 nactus
880 759 1008 828 Hertzii
1027 757 1097 845 (De
1115 759 1239 845 Nigidii
1254 755 1361 843 Figuli

259 878 366 942 studiis
388 888 492 961 atque
512 877 639 962 operib.
657 895 693 964 p.
702 876 774 964 43),
796 878 895 946 valde
914 880 1078 946 incertum
1097 897 1177 943 esse
1198 875 1361 952 rideatur.

259 997 325 1080 lpse
345 995 434 1060 enim
455 993 612 1059 Hertzius
638 995 764 1060 monuit
795 1015 882 1082 quae
902 997 981 1061 inde
1003 996 1143 1062 Servius
1164 995 1207 1059 ad
1227 993 1312 1059 Aen.
1331 992 1359 1060 1.

259 1113 318 1178 178.
340 1113 527 1197 exscripsit
547 1113 652 1196 magis
674 1112 717 1175 a'd
737 1114 915 1177 verborum
938 1113 1107 1178 notionem
1125 1111 1360 1196 explicandam

257 1235 427 1319 pertinere,
451 1243 660 1318 quapropter
679 1232 711 1296 in
735 1233 1114 1298 Seriveriizsententiam
1137 1231 1191 1316 qui
1214 1231 1279 1314 „de
1301 1251 1361 1294 no·

258 1355 368 1418 minum
395 1353 545 1416 natura“
570 1350 636 1434 legi
663 1347 780 1428 voluit,
809 1369 861 1416 me
889 1347 1050 1415 inclinare
1078 1348 1196 1415 fateor.
1239 1348 1360 1414 Restat

257 1485 286 1539 ut
311 1474 498 1540 secundum
519 1469 596 1535 illud
629 1469 831 1536 enuntiatum
860 1470 1022 1554 scriptum
1050 1469 1181 1554 quidem
1208 1487 1230 1532 a
1256 1466 1359 1532 Plinio

258 1613 327 1657 esse
352 1591 578 1658 concedamus
600 1589 697 1672 (quis
720 1587 805 1652 enim
834 1597 901 1652 tam
927 1587 1135 1654 reconditum
1160 1587 1358 1670 scriptorem

258 1724 325 1796 post
343 1711 433 1778 illum
457 1709 650 1774 adhibuisse
671 1707 841 1793 putandus
854 1707 944 1792 esui)
965 1707 1029 1772 sed
1050 1706 1094 1770 ad
1115 1706 1259 1771 absoluti
1280 1725 1360 1790 ope·

256 1831 298 1896 ris
317 1831 501 1915 marginem
523 1847 542 1894 c
563 1827 751 1912 posteriore
772 1826 919 1894 lectione
938 1826 1086 1892 additum
1115 1836 1150 1891 et
1174 1827 1217 1890 ab
1242 1827 1284 1891 iis
1303 1826 1360 1912 qni

256 1961 326 2034 post
340 1947 489 2015 auctoris
511 1956 648 2010 mortem
664 1944 769 2010 libros
784 1945 895 2009 denuc
908 1945 1053 2010 describi
1073 1958 1241 2023 curarent,
1262 1966 1360 2030 prae·

256 2080 385 2151 postero
411 2065 490 2130 loeo
515 2065 549 2128 in
578 2063 685 2148 ipsam
711 2061 893 2126 oraticnem
919 2071 1095 2146 receptum
1121 2083 1207 2128 esse.
1252 2064 1359 2130 Vides

257 2187 356 2270 igitur,
376 2183 466 2270 quod
478 2179 645 2266 Bergkius
661 2179 693 2243 in
712 2178 834 2244 ultimis
853 2178 948 2244 libris
970 2176 1095 2244 lactum
1118 2201 1197 2247 esse
1221 2182 1359 2246 arbitra-

257 2317 305 2368 tur
324 2297 717 2387 (Exercittl'lin.l.p.3)‚
739 2299 826 2364 idem
846 2299 912 2362 ianr
935 2299 978 2364 de
997 2310 1115 2365 nostro
1137 2301 1213 2367 loco
1235 2300 1359 2369 valere.

257 2425 304 2487 Ae
324 2421 440 2486 neseio
462 2439 507 2482 an
530 2417 619 2482 idern
642 2417 683 2482 de
705 2414 806 2502 §.Sd
837 2416 1051 2485 indicandum
1077 2419 1131 2485 sit.
1183 2419 1232 2485 lbi
1260 2421 1359 2498 enim3

259 2561 345 2624 quum
373 2538 438 2603 iam
468 2535 501 2622 §.
517 2534 568 2602 78.
589 2533 755 2599 hominum
787 2534 956 2600 concretis
977 2536 1113 2602 ossibus
1132 2537 1360 2622 praeditorum

258 2660 378 2725 mentio
389 2657 484 2724 iacta
510 2655 569 2733 sit,
597 2652 675 2720 loco
697 2651 797 2722 uelde
817 2653 1008 2738 importuno
1034 2653 1125 2723 baec
1146 2657 1251 2722 verba
1271 2657 1360 2726 ime

259 2787 379 2843 rentur:

673 2978 923 3073 eo=1e,1a
1259 3038 1264 3048 .
1379 3016 1439 3084 us

303 3169 447 3271 Quibus
473 3174 604 3242 natura
629 3172 804 3239 concreta
833 3175 920 3238 sunt
947 3188 1049 3258 ossa,
1080 3161 1255 3262 quisunt
1282 3166 1359 3241 rari

302 3302 510 3395 admodum,
538 3297 665 3375 cornei
691 3296 934 3417 appellantur.

332 3488 428 3563 Quae
441 3486 488 3548 ita
499 3492 576 3547 sunt
596 3489 804 3566 comparata,
827 3491 863 3544 ut
880 3500 991 3567 neque
1012 3502 1110 3567 quem
1125 3482 1237 3549 locum
1253 3506 1360 3553 occu-

262 3616 329 3686 pant
346 3602 523 3669 commode
542 3601 692 3665 obtinere
713 3618 822 3685 neque
844 3600 887 3664 ad
900 3598 929 3686 §.
942 3600 994 3668 78.
1015 3602 1192 3669 transferri
1214 3606 1358 3689 possint,
1390 3589 1396 3627 ³

263 3724 402 3806 quoniam
431 3722 476 3789 ibi
508 3719 601 3804 prior
626 3728 720 3785 certe
748 3719 908 3786 enuntiati
942 3740 1023 3804 pars
1056 3722 1240 3788 omittenda
1277 3735 1358 3789 crat

264 3840 364 3914 Quare
381 3850 442 3905 ant
461 3840 507 3911 ab
527 3839 603 3925 ipso
626 3839 790 3925 scriptore
813 3848 937 3927 postca
958 3841 1129 3925 adscripta
1148 3852 1205 3905 ant
1225 3862 1246 3905 a
1260 3840 1357 3908 libra·

264 3959 303 4021 rio
323 3960 466 4044 quodam
480 3968 639 4019 annotata
661 3976 739 4022 esse
763 3957 910 4040 putanda
932 3968 1017 4023 sunt.
1061 3957 1211 4026 Alterum
1231 3960 1358 4026 idcirco

266 4068 396 4140 fortasse
421 4073 681 4160 praeferendum
701 4074 779 4151 erit,
807 4075 886 4161 quia
905 4075 993 4141 infra
1012 4076 1136 4145 xxxi.
1159 4078 1228 4143 102.
1250 4079 1358 4163 pisca·

266 4198 357 4257 torum
383 4202 530 4278 corpora
556 4194 588 4257 in
620 4194 811 4260 universum
840 4215 966 4260 cornea
989 4194 1211 4281 appellantur.
1259 4196 1287 4283 §.
1307 4165 1359 4265 St.

265 4312 465 4397 „prodigiosa
477 4312 593 4377 virium
604 4310 802 4395 relatione“,
824 4321 859 4377 ut
874 4330 947 4376 cum
964 4312 1094 4379 cod.R²
1110 4313 1225 4398 legare
1239 4314 1358 4401 malim,

265 4431 395 4497 naratio
418 4428 640 4517 significatur,
660 4445 747 4515 quae
769 4427 868 4495 fidem
887 4429 1055 4497 excedere
1076 4432 1243 4499 videatur.
