<?xml version="1.0" encoding="UTF-8"?>
<!DOCTYPE html PUBLIC "-//W3C//DTD XHTML 1.0 Transitional//EN"
    "http://www.w3.org/TR/xhtml1/DTD/xhtml1-transitional.dtd">
<html xmlns="http://www.w3.org/1999/xhtml" xml:lang="en" lang="en">
 <head>
  <title>
</title>
<meta http-equiv="Content-Type" content="text/html;charset=utf-8" />
  <meta name='ocr-system' content='tesseract 3.04.00' />
  <meta name='ocr-capabilities' content='ocr_page ocr_carea ocr_par ocr_line ocrx_word'/>
</head>
<body>
  <div class='ocr_page' id='page_1' title='image "./vindiciaeplinia01urligoog_0189.png"; bbox 0 0 3700 5625; ppageno 0'>
   <div class='ocr_carea' id='block_1_1' title="bbox 698 561 1370 636">
    <p class='ocr_par' dir='ltr' id='par_1_1' title="bbox 698 561 1370 636">
     <span class='ocr_line' id='line_1_1' title="bbox 698 561 1370 636; baseline -0.006 -4"><span class='ocrx_word' id='word_1_1' title='bbox 698 563 798 636; x_wconf 72' lang='lat' dir='ltr'><strong>libet·</strong></span> <span class='ocrx_word' id='word_1_2' title='bbox 820 564 930 634; x_wconf 76' lang='lat' dir='ltr'><strong>xm.</strong></span> <span class='ocrx_word' id='word_1_3' title='bbox 1308 561 1370 628; x_wconf 79' lang='lat'><strong>175</strong></span> 
     </span>
    </p>
   </div>
   <div class='ocr_carea' id='block_1_2' title="bbox 200 749 1368 989">
    <p class='ocr_par' dir='ltr' id='par_1_2' title="bbox 200 749 1368 989">
     <span class='ocr_line' id='line_1_2' title="bbox 200 749 1368 874; baseline -0.003 -46"><span class='ocrx_word' id='word_1_4' title='bbox 200 817 202 874; x_wconf 74' lang='lat'>;</span> <span class='ocrx_word' id='word_1_5' title='bbox 309 763 411 847; x_wconf 82' lang='lat' dir='ltr'><strong>sent3</strong></span> <span class='ocrx_word' id='word_1_6' title='bbox 438 753 500 829; x_wconf 91' lang='lat' dir='ltr'><strong>ille</strong></span> <span class='ocrx_word' id='word_1_7' title='bbox 522 753 567 852; x_wconf 89' lang='lat' dir='ltr'><strong>(i.</strong></span> <span class='ocrx_word' id='word_1_8' title='bbox 581 779 615 828; x_wconf 87' lang='lat' dir='ltr'><strong>c.</strong></span> <span class='ocrx_word' id='word_1_9' title='bbox 636 752 865 855; x_wconf 72' lang='lat' dir='ltr'><strong>Terentius)</strong></span> <span class='ocrx_word' id='word_1_10' title='bbox 894 750 1144 828; x_wconf 68' lang='lat' dir='ltr'><strong>iterationem</strong></span> <span class='ocrx_word' id='word_1_11' title='bbox 1170 749 1368 826; x_wconf 74' lang='lat' dir='ltr'><strong>reddebatt</strong></span> 
     </span>
     <span class='ocr_line' id='line_1_3' title="bbox 200 886 1091 989; baseline -0.008 -24"><span class='ocrx_word' id='word_1_12' title='bbox 200 931 202 958; x_wconf 69' lang='grc'>;</span> <span class='ocrx_word' id='word_1_13' title='bbox 309 888 464 989; x_wconf 80' lang='lat' dir='ltr'>lapidem</span> <span class='ocrx_word' id='word_1_14' title='bbox 492 890 607 966; x_wconf 86' lang='lat' dir='ltr'><strong>luisse</strong></span> <span class='ocrx_word' id='word_1_15' title='bbox 633 895 694 962; x_wconf 87' lang='lat' dir='ltr'><strong>rel.</strong></span> <span class='ocrx_word' id='word_1_16' title='bbox 715 928 770 946; x_wconf 79' lang='lat'><strong>-·</strong></span> <span class='ocrx_word' id='word_1_17' title='bbox 788 886 1003 965; x_wconf 80' lang='lat' dir='ltr'><strong>arbitrarier</strong></span> <span class='ocrx_word' id='word_1_18' title='bbox 1028 892 1091 960; x_wconf 87' lang='lat' dir='ltr'><strong>rel.</strong></span> 
     </span>
    </p>
   </div>
   <div class='ocr_carea' id='block_1_3' title="bbox 306 1037 1367 1260">
    <p class='ocr_par' dir='ltr' id='par_1_3' title="bbox 306 1037 1367 1260">
     <span class='ocr_line' id='line_1_4' title="bbox 339 1037 879 1108; baseline -0.002 -4"><span class='ocrx_word' id='word_1_19' title='bbox 339 1039 422 1106; x_wconf 87' lang='lat' dir='ltr'><strong>Tum</strong></span> <span class='ocrx_word' id='word_1_20' title='bbox 442 1062 598 1108; x_wconf 84' lang='lat' dir='ltr'><strong>sermone</strong></span> <span class='ocrx_word' id='word_1_21' title='bbox 622 1041 749 1105; x_wconf 88' lang='lat' dir='ltr'><strong>directo</strong></span> <span class='ocrx_word' id='word_1_22' title='bbox 772 1037 879 1104; x_wconf 79' lang='lat' dir='ltr'><strong>addit:</strong></span> 
     </span>
     <span class='ocr_line' id='line_1_5' title="bbox 306 1154 1367 1260; baseline -0.001 -26"><span class='ocrx_word' id='word_1_23' title='bbox 306 1159 346 1234; x_wconf 92' lang='lat' dir='ltr'><strong>lu</strong></span> <span class='ocrx_word' id='word_1_24' title='bbox 372 1159 431 1235; x_wconf 90' lang='lat' dir='ltr'><strong>his</strong></span> <span class='ocrx_word' id='word_1_25' title='bbox 454 1159 556 1237; x_wconf 92' lang='lat' dir='ltr'><strong>libris</strong></span> <span class='ocrx_word' id='word_1_26' title='bbox 579 1158 717 1260; x_wconf 85' lang='lat' dir='ltr'><strong>scripte</strong></span> <span class='ocrx_word' id='word_1_27' title='bbox 744 1167 849 1233; x_wconf 90' lang='lat' dir='ltr'><strong>erant</strong></span> <span class='ocrx_word' id='word_1_28' title='bbox 869 1154 1126 1258; x_wconf 81' lang='lat' dir='ltr'>philosophiae</span> <span class='ocrx_word' id='word_1_29' title='bbox 1146 1156 1367 1260; x_wconf 79' lang='lat' dir='ltr'><strong>Pythagori-</strong></span> 
     </span>
    </p>
   </div>
   <div class='ocr_carea' id='block_1_4' title="bbox 307 1291 1367 1398">
    <p class='ocr_par' dir='ltr' id='par_1_4' title="bbox 307 1291 1367 1398">
     <span class='ocr_line' id='line_1_6' title="bbox 307 1291 1367 1398; baseline 0 -30"><span class='ocrx_word' id='word_1_30' title='bbox 307 1321 382 1390; x_wconf 86' lang='lat' dir='ltr'><strong>cae,</strong></span> <span class='ocrx_word' id='word_1_31' title='bbox 407 1323 548 1398; x_wconf 89' lang='lat' dir='ltr'><strong>eosque</strong></span> <span class='ocrx_word' id='word_1_32' title='bbox 570 1297 781 1371; x_wconf 91' lang='lat' dir='ltr'><strong>combustos</strong></span> <span class='ocrx_word' id='word_1_33' title='bbox 807 1318 829 1368; x_wconf 86' lang='lat' dir='ltr'><strong>a</strong></span> <span class='ocrx_word' id='word_1_34' title='bbox 851 1293 899 1396; x_wconf 79' lang='lat' dir='ltr'><strong>Q.</strong></span> <span class='ocrx_word' id='word_1_35' title='bbox 913 1291 1051 1368; x_wconf 88' lang='lat' dir='ltr'><strong>Petilio</strong></span> <span class='ocrx_word' id='word_1_36' title='bbox 1073 1304 1261 1393; x_wconf 88' lang='lat' dir='ltr'><strong>praetore,</strong></span> <span class='ocrx_word' id='word_1_37' title='bbox 1283 1293 1367 1395; x_wconf 91' lang='lat' dir='ltr'><strong>quia</strong></span> 
     </span>
    </p>
   </div>
   <div class='ocr_carea' id='block_1_5' title="bbox 200 1433 1368 3199">
    <p class='ocr_par' dir='ltr' id='par_1_5' title="bbox 305 1433 890 1535">
     <span class='ocr_line' id='line_1_7' title="bbox 305 1433 890 1535; baseline -0.002 -27"><span class='ocrx_word' id='word_1_38' title='bbox 305 1433 561 1535; x_wconf 81' lang='lat' dir='ltr'>philosophiae</span> <span class='ocrx_word' id='word_1_39' title='bbox 587 1433 726 1534; x_wconf 86' lang='lat' dir='ltr'><strong>scriptu</strong></span> <span class='ocrx_word' id='word_1_40' title='bbox 752 1443 890 1510; x_wconf 83' lang='lat' dir='ltr'><strong>esseut</strong></span> 
     </span>
    </p>

    <p class='ocr_par' dir='ltr' id='par_1_6' title="bbox 200 1565 1368 3199">
     <span class='ocr_line' id='line_1_8' title="bbox 200 1565 1367 1662; baseline 0.004 -33"><span class='ocrx_word' id='word_1_41' title='bbox 200 1657 201 1662; x_wconf 5' lang='grc' dir='ltr'>ἵ</span> <span class='ocrx_word' id='word_1_42' title='bbox 265 1565 376 1634; x_wconf 90' lang='lat' dir='ltr'><strong>Ultima</strong></span> <span class='ocrx_word' id='word_1_43' title='bbox 398 1571 506 1636; x_wconf 85' lang='lat' dir='ltr'><strong>verbe</strong></span> <span class='ocrx_word' id='word_1_44' title='bbox 527 1570 573 1636; x_wconf 88' lang='lat' dir='ltr'><strong>ita</strong></span> <span class='ocrx_word' id='word_1_45' title='bbox 593 1567 736 1656; x_wconf 83' lang='lat' dir='ltr'><strong>proferri</strong></span> <span class='ocrx_word' id='word_1_46' title='bbox 759 1569 910 1655; x_wconf 89' lang='lat' dir='ltr'><strong>potuisse</strong></span> <span class='ocrx_word' id='word_1_47' title='bbox 928 1586 1036 1654; x_wconf 83' lang='lat' dir='ltr'><strong>nego;</strong></span> <span class='ocrx_word' id='word_1_48' title='bbox 1056 1569 1112 1655; x_wconf 91' lang='lat' dir='ltr'><strong>qui</strong></span> <span class='ocrx_word' id='word_1_49' title='bbox 1132 1568 1217 1634; x_wconf 90' lang='lat' dir='ltr'><strong>enim</strong></span> <span class='ocrx_word' id='word_1_50' title='bbox 1241 1568 1367 1654; x_wconf 84' lang='lat' dir='ltr'><strong>putabi-</strong></span> 
     </span>
     <span class='ocr_line' id='line_1_9' title="bbox 263 1685 1367 1766; baseline 0.005 -18"><span class='ocrx_word' id='word_1_51' title='bbox 263 1705 341 1766; x_wconf 84' lang='lat' dir='ltr'><strong>mus,</strong></span> <span class='ocrx_word' id='word_1_52' title='bbox 370 1685 534 1754; x_wconf 79' lang='lat' dir='ltr'><strong>Heminae</strong></span> <span class='ocrx_word' id='word_1_53' title='bbox 559 1688 744 1754; x_wconf 76' lang='lat' dir='ltr'><strong>orationem</strong></span> <span class='ocrx_word' id='word_1_54' title='bbox 767 1687 875 1753; x_wconf 88' lang='lat' dir='ltr'><strong>medio</strong></span> <span class='ocrx_word' id='word_1_55' title='bbox 899 1707 1003 1752; x_wconf 87' lang='lat' dir='ltr'><strong>sensu</strong></span> <span class='ocrx_word' id='word_1_56' title='bbox 1028 1687 1074 1752; x_wconf 87' lang='lat' dir='ltr'><strong>ita</strong></span> <span class='ocrx_word' id='word_1_57' title='bbox 1095 1706 1117 1750; x_wconf 85' lang='lat' dir='ltr'><strong>e</strong></span> <span class='ocrx_word' id='word_1_58' title='bbox 1139 1686 1243 1754; x_wconf 86' lang='lat' dir='ltr'>Plinio</span> <span class='ocrx_word' id='word_1_59' title='bbox 1264 1688 1367 1754; x_wconf 89' lang='lat' dir='ltr'><strong>inter·</strong></span> 
     </span>
     <span class='ocr_line' id='line_1_10' title="bbox 263 1802 1367 1891; baseline 0.003 -24"><span class='ocrx_word' id='word_1_60' title='bbox 263 1805 370 1890; x_wconf 86' lang='lat' dir='ltr'><strong>rompi,</strong></span> <span class='ocrx_word' id='word_1_61' title='bbox 392 1816 430 1872; x_wconf 91' lang='lat' dir='ltr'><strong>ut</strong></span> <span class='ocrx_word' id='word_1_62' title='bbox 451 1804 550 1871; x_wconf 85' lang='lat' dir='ltr'><strong>linem</strong></span> <span class='ocrx_word' id='word_1_63' title='bbox 568 1804 769 1872; x_wconf 73' lang='lat' dir='ltr'><strong>narrationis</strong></span> <span class='ocrx_word' id='word_1_64' title='bbox 792 1802 924 1891; x_wconf 90' lang='lat' dir='ltr'><strong>obliquo</strong></span> <span class='ocrx_word' id='word_1_65' title='bbox 946 1822 1104 1871; x_wconf 88' lang='lat' dir='ltr'><strong>sermone</strong></span> <span class='ocrx_word' id='word_1_66' title='bbox 1124 1804 1200 1889; x_wconf 88' lang='lat' dir='ltr'><strong>ipse</strong></span> <span class='ocrx_word' id='word_1_67' title='bbox 1221 1804 1367 1890; x_wconf 88' lang='lat' dir='ltr'><strong>adiiciet,</strong></span> 
     </span>
     <span class='ocr_line' id='line_1_11' title="bbox 264 1920 1366 2010; baseline 0.004 -24"><span class='ocrx_word' id='word_1_68' title='bbox 264 1942 350 2008; x_wconf 87' lang='lat' dir='ltr'><strong>quum</strong></span> <span class='ocrx_word' id='word_1_69' title='bbox 379 1923 580 2010; x_wconf 84' lang='lat' dir='ltr'><strong>praesertim</strong></span> <span class='ocrx_word' id='word_1_70' title='bbox 608 1921 731 1990; x_wconf 88' lang='lat' dir='ltr'><strong>nullum</strong></span> <span class='ocrx_word' id='word_1_71' title='bbox 757 1923 895 1988; x_wconf 87' lang='lat' dir='ltr'><strong>verbum</strong></span> <span class='ocrx_word' id='word_1_72' title='bbox 922 1920 1047 1989; x_wconf 86' lang='lat' dir='ltr'><strong>linitum</strong></span> <span class='ocrx_word' id='word_1_73' title='bbox 1074 1933 1252 2010; x_wconf 86' lang='lat' dir='ltr'><strong>sequatur,</strong></span> <span class='ocrx_word' id='word_1_74' title='bbox 1279 1923 1366 1990; x_wconf 88' lang='lat' dir='ltr'><strong>unde</strong></span> 
     </span>
     <span class='ocr_line' id='line_1_12' title="bbox 263 2039 1367 2125; baseline 0.005 -21"><span class='ocrx_word' id='word_1_75' title='bbox 263 2043 469 2112; x_wconf 83' lang='lat' dir='ltr'><strong>accusativus</strong></span> <span class='ocrx_word' id='word_1_76' title='bbox 497 2039 552 2108; x_wconf 90' lang='lat' dir='ltr'><strong>ille</strong></span> <span class='ocrx_word' id='word_1_77' title='bbox 580 2062 654 2108; x_wconf 86' lang='lat' dir='ltr'><strong>cum</strong></span> <span class='ocrx_word' id='word_1_78' title='bbox 683 2039 842 2108; x_wconf 86' lang='lat' dir='ltr'><strong>infinitivo</strong></span> <span class='ocrx_word' id='word_1_79' title='bbox 870 2039 1002 2107; x_wconf 88' lang='lat' dir='ltr'><strong>iunctus</strong></span> <span class='ocrx_word' id='word_1_80' title='bbox 1027 2040 1184 2125; x_wconf 86' lang='lat' dir='ltr'><strong>pendeat.</strong></span> <span class='ocrx_word' id='word_1_81' title='bbox 1224 2041 1367 2110; x_wconf 80' lang='lat' dir='ltr'>Accedit</span> 
     </span>
     <span class='ocr_line' id='line_1_13' title="bbox 229 2158 1368 2248; baseline 0 -22"><span class='ocrx_word' id='word_1_82' title='bbox 229 2233 231 2237; x_wconf 54' lang='grc'>,</span> <span class='ocrx_word' id='word_1_83' title='bbox 263 2163 340 2248; x_wconf 86' lang='lat' dir='ltr'><strong>quod</strong></span> <span class='ocrx_word' id='word_1_84' title='bbox 361 2162 395 2228; x_wconf 96' lang='lat' dir='ltr'><strong>in</strong></span> <span class='ocrx_word' id='word_1_85' title='bbox 421 2161 688 2248; x_wconf 84' lang='lat' dir='ltr'><strong>cod.aprorsua</strong></span> <span class='ocrx_word' id='word_1_86' title='bbox 710 2161 843 2241; x_wconf 82' lang='lat' dir='ltr'><strong>desunt,</strong></span> <span class='ocrx_word' id='word_1_87' title='bbox 861 2160 934 2226; x_wconf 91' lang='lat' dir='ltr'><strong>ind</strong></span> <span class='ocrx_word' id='word_1_88' title='bbox 955 2159 1068 2226; x_wconf 84' lang='lat' dir='ltr'><strong>mutilo</strong></span> <span class='ocrx_word' id='word_1_89' title='bbox 1081 2158 1247 2244; x_wconf 77' lang='lat' dir='ltr'><strong>leguntur.</strong></span> <span class='ocrx_word' id='word_1_90' title='bbox 1276 2160 1368 2236; x_wconf 79' lang='lat' dir='ltr'><strong>Quo·</strong></span> 
     </span>
     <span class='ocr_line' id='line_1_14' title="bbox 200 2275 1367 2368; baseline 0.004 -26"><span class='ocrx_word' id='word_1_91' title='bbox 200 2353 202 2366; x_wconf 69' lang='lat'><em>,</em></span> <span class='ocrx_word' id='word_1_92' title='bbox 263 2292 389 2364; x_wconf 90' lang='lat' dir='ltr'><strong>propter</strong></span> <span class='ocrx_word' id='word_1_93' title='bbox 413 2280 445 2344; x_wconf 92' lang='lat' dir='ltr'><strong>in</strong></span> <span class='ocrx_word' id='word_1_94' title='bbox 459 2279 607 2368; x_wconf 85' lang='lat' dir='ltr'><strong>margine</strong></span> <span class='ocrx_word' id='word_1_95' title='bbox 627 2275 804 2366; x_wconf 84' lang='lat' dir='ltr'><strong>archetypi</strong></span> <span class='ocrx_word' id='word_1_96' title='bbox 825 2277 940 2342; x_wconf 85' lang='lat' dir='ltr'><strong>addite</strong></span> <span class='ocrx_word' id='word_1_97' title='bbox 961 2275 1069 2347; x_wconf 82' lang='lat' dir='ltr'><strong>luisse</strong></span> <span class='ocrx_word' id='word_1_98' title='bbox 1090 2277 1257 2358; x_wconf 83' lang='lat' dir='ltr'><strong>existimo,</strong></span> <span class='ocrx_word' id='word_1_99' title='bbox 1278 2278 1367 2348; x_wconf 82' lang='lat' dir='ltr'><strong>undu</strong></span> 
     </span>
     <span class='ocr_line' id='line_1_15' title="bbox 262 2393 1367 2484; baseline 0.004 -23.738"><span class='ocrx_word' id='word_1_100' title='bbox 262 2417 370 2462; x_wconf 83' lang='lat' dir='ltr'><strong>manca</strong></span> <span class='ocrx_word' id='word_1_101' title='bbox 393 2406 428 2462; x_wconf 87' lang='lat' dir='ltr'><strong>et</strong></span> <span class='ocrx_word' id='word_1_102' title='bbox 449 2394 647 2484; x_wconf 79' lang='lat' dir='ltr'><strong>imperfecta</strong></span> <span class='ocrx_word' id='word_1_103' title='bbox 668 2395 701 2460; x_wconf 90' lang='lat' dir='ltr'><strong>in</strong></span> <span class='ocrx_word' id='word_1_104' title='bbox 722 2394 828 2461; x_wconf 87' lang='lat' dir='ltr'><strong>libros</strong></span> <span class='ocrx_word' id='word_1_105' title='bbox 851 2393 927 2462; x_wconf 87' lang='lat' dir='ltr'><strong>illos</strong></span> <span class='ocrx_word' id='word_1_106' title='bbox 950 2406 1091 2480; x_wconf 85' lang='lat' dir='ltr'><strong>recepte</strong></span> <span class='ocrx_word' id='word_1_107' title='bbox 1109 2396 1187 2462; x_wconf 81' lang='lat' dir='ltr'><strong>sint.</strong></span> <span class='ocrx_word' id='word_1_108' title='bbox 1236 2396 1367 2472; x_wconf 85' lang='lat' dir='ltr'>Quodsi</span> 
     </span>
     <span class='ocr_line' id='line_1_16' title="bbox 261 2504 1367 2604; baseline 0.003 -24"><span class='ocrx_word' id='word_1_109' title='bbox 261 2517 323 2602; x_wconf 84' lang='lat' dir='ltr'><strong>quis</strong></span> <span class='ocrx_word' id='word_1_110' title='bbox 343 2538 407 2604; x_wconf 92' lang='lat' dir='ltr'><strong>pro</strong></span> <span class='ocrx_word' id='word_1_111' title='bbox 431 2516 638 2601; x_wconf 83' lang='lat' dir='ltr'><strong>glossemate</strong></span> <span class='ocrx_word' id='word_1_112' title='bbox 665 2513 753 2580; x_wconf 88' lang='lat' dir='ltr'><strong>docti</strong></span> <span class='ocrx_word' id='word_1_113' title='bbox 779 2515 911 2582; x_wconf 79' lang='lat' dir='ltr'><strong>scribae</strong></span> <span class='ocrx_word' id='word_1_114' title='bbox 938 2513 1067 2582; x_wconf 88' lang='lat' dir='ltr'><strong>habere</strong></span> <span class='ocrx_word' id='word_1_115' title='bbox 1090 2504 1186 2596; x_wconf 68' lang='lat' dir='ltr'><strong>velit,</strong></span> <span class='ocrx_word' id='word_1_116' title='bbox 1212 2515 1265 2582; x_wconf 90' lang='lat' dir='ltr'><strong>cui</strong></span> <span class='ocrx_word' id='word_1_117' title='bbox 1288 2539 1367 2604; x_wconf 92' lang='lat' dir='ltr'><strong>pro·</strong></span> 
     </span>
     <span class='ocr_line' id='line_1_17' title="bbox 200 2629 1364 2724; baseline 0.006 -30"><span class='ocrx_word' id='word_1_118' title='bbox 200 2715 201 2722; x_wconf 6' lang='grc' dir='ltr'>ἵ</span> <span class='ocrx_word' id='word_1_119' title='bbox 262 2633 327 2720; x_wconf 80' lang='lat' dir='ltr'><strong>digii</strong></span> <span class='ocrx_word' id='word_1_120' title='bbox 355 2633 492 2713; x_wconf 86' lang='lat' dir='ltr'><strong>exitum,</strong></span> <span class='ocrx_word' id='word_1_121' title='bbox 515 2629 646 2718; x_wconf 87' lang='lat' dir='ltr'><strong>qualem</strong></span> <span class='ocrx_word' id='word_1_122' title='bbox 668 2630 758 2716; x_wconf 88' lang='lat' dir='ltr'><strong>apud</strong></span> <span class='ocrx_word' id='word_1_123' title='bbox 782 2629 910 2696; x_wconf 91' lang='lat' dir='ltr'><strong>Livium</strong></span> <span class='ocrx_word' id='word_1_124' title='bbox 931 2631 1007 2701; x_wconf 84' lang='lat' dir='ltr'><strong>XL.</strong></span> <span class='ocrx_word' id='word_1_125' title='bbox 1019 2632 1072 2700; x_wconf 75' lang='lat'><strong>29.</strong></span> <span class='ocrx_word' id='word_1_126' title='bbox 1096 2632 1241 2724; x_wconf 75' lang='lat' dir='ltr'><strong>legerat,</strong></span> <span class='ocrx_word' id='word_1_127' title='bbox 1262 2654 1364 2702; x_wconf 84' lang='lat' dir='ltr'><strong>anno·</strong></span> 
     </span>
     <span class='ocr_line' id='line_1_18' title="bbox 261 2748 1364 2839; baseline 0.009 -24"><span class='ocrx_word' id='word_1_128' title='bbox 261 2761 321 2818; x_wconf 90' lang='lat' dir='ltr'><strong>tare</strong></span> <span class='ocrx_word' id='word_1_129' title='bbox 343 2751 490 2838; x_wconf 86' lang='lat' dir='ltr'><strong>libuerit,</strong></span> <span class='ocrx_word' id='word_1_130' title='bbox 511 2772 577 2817; x_wconf 92' lang='lat' dir='ltr'><strong>non</strong></span> <span class='ocrx_word' id='word_1_131' title='bbox 599 2748 816 2819; x_wconf 81' lang='lat' dir='ltr'><strong>vehementer</strong></span> <span class='ocrx_word' id='word_1_132' title='bbox 837 2754 1046 2839; x_wconf 83' lang='lat' dir='ltr'><strong>repugnabo.</strong></span> <span class='ocrx_word' id='word_1_133' title='bbox 1076 2754 1233 2823; x_wconf 85' lang='lat' dir='ltr'><strong>Praestat</strong></span> <span class='ocrx_word' id='word_1_134' title='bbox 1254 2770 1364 2825; x_wconf 85' lang='lat' dir='ltr'><strong>tamen</strong></span> 
     </span>
     <span class='ocr_line' id='line_1_19' title="bbox 262 2872 1366 2961; baseline 0.005 -24"><span class='ocrx_word' id='word_1_135' title='bbox 262 2892 294 2937; x_wconf 84' lang='lat' dir='ltr'><strong>ea</strong></span> <span class='ocrx_word' id='word_1_136' title='bbox 322 2872 474 2939; x_wconf 78' lang='lat' dir='ltr'><strong>fortasse</strong></span> <span class='ocrx_word' id='word_1_137' title='bbox 504 2872 589 2937; x_wconf 83' lang='lat' dir='ltr'><strong>retio</strong></span> <span class='ocrx_word' id='word_1_138' title='bbox 619 2892 683 2959; x_wconf 89' lang='lat' dir='ltr'><strong>qna</strong></span> <span class='ocrx_word' id='word_1_139' title='bbox 712 2872 847 2937; x_wconf 89' lang='lat' dir='ltr'><strong>sincera</strong></span> <span class='ocrx_word' id='word_1_140' title='bbox 878 2873 1011 2961; x_wconf 85' lang='lat' dir='ltr'><strong>quidem</strong></span> <span class='ocrx_word' id='word_1_141' title='bbox 1038 2873 1132 2941; x_wconf 89' lang='lat' dir='ltr'>Plinii</span> <span class='ocrx_word' id='word_1_142' title='bbox 1158 2877 1264 2942; x_wconf 83' lang='lat' dir='ltr'><strong>verba</strong></span> <span class='ocrx_word' id='word_1_143' title='bbox 1285 2896 1366 2943; x_wconf 85' lang='lat' dir='ltr'><strong>esse</strong></span> 
     </span>
     <span class='ocr_line' id='line_1_20' title="bbox 262 2991 1366 3079; baseline 0.013 -27"><span class='ocrx_word' id='word_1_144' title='bbox 262 2992 467 3071; x_wconf 85' lang='lat' dir='ltr'><strong>arbitremur,</strong></span> <span class='ocrx_word' id='word_1_145' title='bbox 490 2992 552 3057; x_wconf 90' lang='lat' dir='ltr'><strong>sed</strong></span> <span class='ocrx_word' id='word_1_146' title='bbox 576 2991 764 3077; x_wconf 88' lang='lat' dir='ltr'><strong>importuno</strong></span> <span class='ocrx_word' id='word_1_147' title='bbox 785 2992 861 3058; x_wconf 91' lang='lat' dir='ltr'><strong>loco</strong></span> <span class='ocrx_word' id='word_1_148' title='bbox 881 2994 1018 3062; x_wconf 88' lang='lat' dir='ltr'><strong>inserta.</strong></span> <span class='ocrx_word' id='word_1_149' title='bbox 1061 2994 1199 3064; x_wconf 75' lang='lat' dir='ltr'><strong>Scilicet</strong></span> <span class='ocrx_word' id='word_1_150' title='bbox 1220 2998 1296 3066; x_wconf 89' lang='lat' dir='ltr'><strong>dum</strong></span> <span class='ocrx_word' id='word_1_151' title='bbox 1318 3000 1366 3079; x_wconf 72' lang='lat' dir='ltr'><strong>itu</strong></span> 
     </span>
     <span class='ocr_line' id='line_1_21' title="bbox 263 3113 484 3199; baseline 0.009 -24"><span class='ocrx_word' id='word_1_152' title='bbox 263 3113 484 3199; x_wconf 84' lang='lat' dir='ltr'><strong>prosequitur:</strong></span> 
     </span>
    </p>
   </div>
   <div class='ocr_carea' id='block_1_6' title="bbox 262 3229 1367 3739">
    <p class='ocr_par' dir='ltr' id='par_1_7' title="bbox 302 3229 1364 3603">
     <span class='ocr_line' id='line_1_22' title="bbox 302 3229 1364 3333; baseline 0.003 -27"><span class='ocrx_word' id='word_1_153' title='bbox 302 3232 389 3307; x_wconf 88' lang='lat' dir='ltr'><strong>Hoc</strong></span> <span class='ocrx_word' id='word_1_154' title='bbox 411 3231 511 3306; x_wconf 86' lang='lat' dir='ltr'><strong>idem</strong></span> <span class='ocrx_word' id='word_1_155' title='bbox 536 3229 648 3306; x_wconf 89' lang='lat' dir='ltr'><strong>tradit</strong></span> <span class='ocrx_word' id='word_1_156' title='bbox 671 3230 761 3305; x_wconf 90' lang='lat' dir='ltr'><strong>Piso</strong></span> <span class='ocrx_word' id='word_1_157' title='bbox 785 3230 978 3307; x_wconf 88' lang='lat' dir='ltr'><strong>censorius</strong></span> <span class='ocrx_word' id='word_1_158' title='bbox 1000 3234 1120 3333; x_wconf 88' lang='lat' dir='ltr'><strong>primo</strong></span> <span class='ocrx_word' id='word_1_159' title='bbox 1145 3245 1364 3314; x_wconf 87' lang='lat' dir='ltr'><strong>commenta-</strong></span> 
     </span>
     <span class='ocr_line' id='line_1_23' title="bbox 303 3358 1364 3471; baseline 0.004 -28"><span class='ocrx_word' id='word_1_160' title='bbox 303 3358 457 3463; x_wconf 77' lang='lat' dir='ltr'><strong>riorum,</strong></span> <span class='ocrx_word' id='word_1_161' title='bbox 484 3366 551 3443; x_wconf 92' lang='lat' dir='ltr'><strong>sed</strong></span> <span class='ocrx_word' id='word_1_162' title='bbox 580 3367 692 3443; x_wconf 84' lang='lat' dir='ltr'><strong>libros</strong></span> <span class='ocrx_word' id='word_1_163' title='bbox 714 3377 858 3469; x_wconf 91' lang='lat' dir='ltr'><strong>septem</strong></span> <span class='ocrx_word' id='word_1_164' title='bbox 877 3368 970 3445; x_wconf 91' lang='lat' dir='ltr'><strong>iuris</strong></span> <span class='ocrx_word' id='word_1_165' title='bbox 992 3371 1171 3471; x_wconf 88' lang='lat' dir='ltr'><strong>pontificii</strong></span> <span class='ocrx_word' id='word_1_166' title='bbox 1196 3372 1364 3449; x_wconf 86' lang='lat' dir='ltr'><strong>totidem-</strong></span> 
     </span>
     <span class='ocr_line' id='line_1_24' title="bbox 306 3502 837 3603; baseline -0.006 -22"><span class='ocrx_word' id='word_1_167' title='bbox 306 3530 375 3603; x_wconf 88' lang='lat' dir='ltr'><strong>que</strong></span> <span class='ocrx_word' id='word_1_168' title='bbox 397 3502 671 3603; x_wconf 84' lang='lat' dir='ltr'><strong>Pythagoricos</strong></span> <span class='ocrx_word' id='word_1_169' title='bbox 698 3502 837 3597; x_wconf 76' lang='lat' dir='ltr'><strong>suisse;</strong></span> 
     </span>
    </p>

    <p class='ocr_par' dir='ltr' id='par_1_8' title="bbox 262 3634 1367 3739">
     <span class='ocr_line' id='line_1_25' title="bbox 262 3634 1367 3739; baseline 0.01 -41"><span class='ocrx_word' id='word_1_170' title='bbox 262 3634 319 3703; x_wconf 91' lang='lat' dir='ltr'><strong>huc</strong></span> <span class='ocrx_word' id='word_1_171' title='bbox 338 3641 445 3705; x_wconf 86' lang='lat' dir='ltr'><strong>verba</strong></span> <span class='ocrx_word' id='word_1_172' title='bbox 467 3638 525 3704; x_wconf 85' lang='lat' dir='ltr'><strong>illa</strong></span> <span class='ocrx_word' id='word_1_173' title='bbox 544 3640 725 3705; x_wconf 84' lang='lat' dir='ltr'><strong>reiiciendn</strong></span> <span class='ocrx_word' id='word_1_174' title='bbox 750 3660 829 3705; x_wconf 81' lang='lat' dir='ltr'><strong>esse</strong></span> <span class='ocrx_word' id='word_1_175' title='bbox 849 3658 976 3705; x_wconf 85' lang='lat' dir='ltr'><strong>censeo</strong></span> <span class='ocrx_word' id='word_1_176' title='bbox 999 3676 1039 3690; x_wconf 92' lang='lat'><strong>··-</strong></span> <span class='ocrx_word' id='word_1_177' title='bbox 1058 3663 1174 3739; x_wconf 75' lang='lat' dir='ltr'><strong>corpor</strong></span> <span class='ocrx_word' id='word_1_178' title='bbox 1187 3644 1367 3709; x_wconf 71' lang='lat' dir='ltr'><strong>combustae</strong></span> 
     </span>
    </p>
   </div>
   <div class='ocr_carea' id='block_1_7' title="bbox 261 3755 1365 3961">
    <p class='ocr_par' dir='ltr' id='par_1_9' title="bbox 261 3755 1365 3961">
     <span class='ocr_line' id='line_1_26' title="bbox 261 3755 1365 3841; baseline 0.011 -24"><span class='ocrx_word' id='word_1_179' title='bbox 261 3755 310 3823; x_wconf 86' lang='lat' dir='ltr'><strong>rel.</strong></span> <span class='ocrx_word' id='word_1_180' title='bbox 331 3757 471 3823; x_wconf 80' lang='lat' dir='ltr'><strong>flemina</strong></span> <span class='ocrx_word' id='word_1_181' title='bbox 492 3756 578 3823; x_wconf 87' lang='lat' dir='ltr'><strong>enim</strong></span> <span class='ocrx_word' id='word_1_182' title='bbox 601 3755 682 3821; x_wconf 89' lang='lat' dir='ltr'><strong>nihil</strong></span> <span class='ocrx_word' id='word_1_183' title='bbox 705 3756 747 3821; x_wconf 90' lang='lat' dir='ltr'><strong>de</strong></span> <span class='ocrx_word' id='word_1_184' title='bbox 762 3756 833 3823; x_wconf 89' lang='lat' dir='ltr'><strong>iure</strong></span> <span class='ocrx_word' id='word_1_185' title='bbox 848 3756 1019 3841; x_wconf 89' lang='lat' dir='ltr'><strong>pontilicio</strong></span> <span class='ocrx_word' id='word_1_186' title='bbox 1035 3757 1127 3825; x_wconf 91' lang='lat' dir='ltr'><strong>libris</strong></span> <span class='ocrx_word' id='word_1_187' title='bbox 1146 3761 1267 3841; x_wconf 85' lang='lat' dir='ltr'><strong>retulit,</strong></span> <span class='ocrx_word' id='word_1_188' title='bbox 1286 3763 1365 3829; x_wconf 85' lang='lat' dir='ltr'><strong>Piso</strong></span> 
     </span>
     <span class='ocr_line' id='line_1_27' title="bbox 264 3874 1281 3961; baseline 0.004 -20"><span class='ocrx_word' id='word_1_189' title='bbox 264 3876 406 3945; x_wconf 86' lang='lat' dir='ltr'><strong>diversae</strong></span> <span class='ocrx_word' id='word_1_190' title='bbox 429 3875 552 3943; x_wconf 87' lang='lat' dir='ltr'><strong>indolis</strong></span> <span class='ocrx_word' id='word_1_191' title='bbox 574 3874 678 3941; x_wconf 88' lang='lat' dir='ltr'><strong>libros</strong></span> <span class='ocrx_word' id='word_1_192' title='bbox 700 3875 808 3942; x_wconf 84' lang='lat' dir='ltr'><strong>luisse</strong></span> <span class='ocrx_word' id='word_1_193' title='bbox 831 3877 966 3943; x_wconf 89' lang='lat' dir='ltr'><strong>monuit.</strong></span> <span class='ocrx_word' id='word_1_194' title='bbox 1002 3877 1117 3961; x_wconf 84' lang='lat' dir='ltr'><strong>Pergit</strong></span> <span class='ocrx_word' id='word_1_195' title='bbox 1139 3877 1281 3945; x_wconf 79' lang='lat' dir='ltr'><strong>Plinius:</strong></span> 
     </span>
    </p>
   </div>
   <div class='ocr_carea' id='block_1_8' title="bbox 301 3992 1407 4641">
    <p class='ocr_par' dir='ltr' id='par_1_10' title="bbox 301 3992 1407 4641">
     <span class='ocr_line' id='line_1_28' title="bbox 306 3992 1407 4095; baseline -0.005 -23"><span class='ocrx_word' id='word_1_196' title='bbox 306 3997 513 4074; x_wconf 78' lang='lat' dir='ltr'><strong>Tuditanus</strong></span> <span class='ocrx_word' id='word_1_197' title='bbox 528 3992 814 4095; x_wconf 87' lang='lat' dir='ltr'><strong>quartodecimo</strong></span> <span class='ocrx_word' id='word_1_198' title='bbox 825 3993 968 4069; x_wconf 85' lang='lat' dir='ltr'><strong>Numae</strong></span> <span class='ocrx_word' id='word_1_199' title='bbox 982 3992 1216 4070; x_wconf 87' lang='lat' dir='ltr'><strong>decretorum</strong></span> <span class='ocrx_word' id='word_1_200' title='bbox 1231 3997 1365 4092; x_wconf 87' lang='lat' dir='ltr'><strong>luissc;</strong></span> <span class='ocrx_word' id='word_1_201' title='bbox 1405 4063 1407 4066; x_wconf 83' lang='lat'>.</span> 
     </span>
     <span class='ocr_line' id='line_1_29' title="bbox 303 4126 1367 4227; baseline 0.003 -22"><span class='ocrx_word' id='word_1_202' title='bbox 303 4132 413 4208; x_wconf 91' lang='lat' dir='ltr'><strong>libros</strong></span> <span class='ocrx_word' id='word_1_203' title='bbox 438 4130 635 4207; x_wconf 88' lang='lat' dir='ltr'><strong>duodecim</strong></span> <span class='ocrx_word' id='word_1_204' title='bbox 656 4129 773 4203; x_wconf 85' lang='lat' dir='ltr'><strong>luisse</strong></span> <span class='ocrx_word' id='word_1_205' title='bbox 796 4127 879 4227; x_wconf 87' lang='lat' dir='ltr'><strong>ipse</strong></span> <span class='ocrx_word' id='word_1_206' title='bbox 897 4128 1016 4204; x_wconf 89' lang='lat' dir='ltr'><strong>Varro</strong></span> <span class='ocrx_word' id='word_1_207' title='bbox 1040 4126 1279 4207; x_wconf 86' lang='lat' dir='ltr'><strong>humanarum</strong></span> <span class='ocrx_word' id='word_1_208' title='bbox 1303 4157 1367 4207; x_wconf 89' lang='lat' dir='ltr'><strong>an-</strong></span> 
     </span>
     <span class='ocr_line' id='line_1_30' title="bbox 302 4264 1364 4369; baseline 0.001 -26"><span class='ocrx_word' id='word_1_209' title='bbox 302 4270 508 4369; x_wconf 90' lang='lat' dir='ltr'><strong>tiquitatum</strong></span> <span class='ocrx_word' id='word_1_210' title='bbox 543 4265 721 4367; x_wconf 87' lang='lat' dir='ltr'><strong>septimo,</strong></span> <span class='ocrx_word' id='word_1_211' title='bbox 748 4264 878 4340; x_wconf 85' lang='lat' dir='ltr'><strong>Antias</strong></span> <span class='ocrx_word' id='word_1_212' title='bbox 907 4265 1085 4340; x_wconf 88' lang='lat' dir='ltr'><strong>secundo&#39;</strong></span> <span class='ocrx_word' id='word_1_213' title='bbox 1104 4266 1217 4341; x_wconf 92' lang='lat' dir='ltr'><strong>libros</strong></span> <span class='ocrx_word' id='word_1_214' title='bbox 1247 4269 1364 4344; x_wconf 88' lang='lat' dir='ltr'><strong>luisse</strong></span> 
     </span>
     <span class='ocr_line' id='line_1_31' title="bbox 301 4400 1365 4507; baseline 0.001 -28"><span class='ocrx_word' id='word_1_215' title='bbox 301 4404 374 4481; x_wconf 88' lang='lat' dir='ltr'><strong>Xll</strong></span> <span class='ocrx_word' id='word_1_216' title='bbox 401 4404 635 4507; x_wconf 86' lang='lat' dir='ltr'><strong>pontilicales</strong></span> <span class='ocrx_word' id='word_1_217' title='bbox 670 4400 842 4495; x_wconf 85' lang='lat' dir='ltr'><strong>Latinos,</strong></span> <span class='ocrx_word' id='word_1_218' title='bbox 875 4400 1028 4475; x_wconf 88' lang='lat' dir='ltr'><strong>totidem</strong></span> <span class='ocrx_word' id='word_1_219' title='bbox 1058 4400 1228 4478; x_wconf 90' lang='lat' dir='ltr'><strong>Graecos</strong></span> <span class='ocrx_word' id='word_1_220' title='bbox 1258 4430 1365 4505; x_wconf 92' lang='lat' dir='ltr'><strong>prae·</strong></span> 
     </span>
     <span class='ocr_line' id='line_1_32' title="bbox 301 4534 959 4641; baseline -0.009 -26"><span class='ocrx_word' id='word_1_221' title='bbox 301 4552 404 4640; x_wconf 91' lang='lat' dir='ltr'><strong>cepta</strong></span> <span class='ocrx_word' id='word_1_222' title='bbox 430 4536 687 4641; x_wconf 88' lang='lat' dir='ltr'><strong>philosophiae</strong></span> <span class='ocrx_word' id='word_1_223' title='bbox 715 4534 959 4612; x_wconf 88' lang='lat' dir='ltr'><strong>continentes.</strong></span> 
     </span>
    </p>
   </div>
   <div class='ocr_carea' id='block_1_9' title="bbox 0 0 1854 5625">
    <p class='ocr_par' dir='ltr' id='par_1_11' title="bbox 0 0 1854 5625">
     <span class='ocr_line' id='line_1_33' title="bbox 0 0 1854 5625; baseline 0 0"><span class='ocrx_word' id='word_1_224' title='bbox 0 0 1854 5625; x_wconf 95' lang='lat' dir='ltr'><strong> </strong></span> 
     </span>
    </p>
   </div>
  </div>
 </body>
</html>
