3700 5625
441 679 451 693 ³
495 717 558 793 192
932 723 1021 783 einer
1042 726 1165 788 xxxi.

494 914 676 1001 corruptela
709 915 866 1000 reperitur
892 917 1157 995 Theopbtloraslne
1186 916 1392 981 emendatur:
1435 922 1465 980 ln
1493 922 1587 980 Indiae

499 1037 689 1097 studueritis.
713 1038 902 1097 Scotnaener’s
924 1033 965 1097 ab
987 1032 1065 1099 Iano
1088 1040 1264 1133 eorreotum
1287 1041 1344 1100 est.
1568 1030 1573 1039 '

413 1221 475 1291 687
942 1191 990 1263 20
1006 1225 1040 1257 τ.-
1062 1192 1156 1276 2,17.

547 1316 739 1401 Crannone
786 1326 843 1393 est
883 1318 967 1396 fons
1007 1316 1149 1393 calidus
1173 1319 1317 1433 atqui
1357 1319 1441 1417 vino
1479 1318 1588 1393 triduo

544 1430 671 1526 addito
699 1448 860 1528 calorem
887 1450 1049 1551 potionis
1077 1450 1300 1563 custoditio
1328 1452 1441 1527 vasis.

600 1582 760 1646 Athenaei
790 1584 930 1668 epitome
953 1582 999 1647 ·ΙΙ.
1022 1604 1052 1668 p.
1074 1583 1116 1649 42
1149 1585 1330 1671 Κραννῶνι,
1359 1580 1390 1647 δ’
1392 1579 1481 1649 ἐστὶν
1513 1579 1590 1663 ὕδωρ

494 1698 600 1786 ἡσυχῆ
622 1700 764 1786 θερμὸν,
800 1698 819 1766 ὃ
853 1700 1004 1788 (lampat
1033 1704 1203 1788 κραθέντα
1235 1700 1294 1767 τὸν
1326 1698 1422 1767 οἶνον
1456 1696 1512 1766 ἐπὶ
1539 1698 1590 1764 een

494 1823 553 1884 καὶ
572 1824 659 1905 τρεῖς
679 1812 812 1902 ἡμέρας.
856 1815 1008 1903 Sequitur
1039 1817 1137 1882 verba
1158 1818 1250 1881 Plinii
1280 1818 1325 1883 sio
1352 1816 1518 1903 transponi
1545 1813 1590 1877 de·

387 1950 390 1957 ·
494 1933 587 1999 bere:
610 1939 663 2012 ani
683 1936 751 1999 niret
775 1940 912 2000 addito
935 1941 1067 2000 triduo
1090 1942 1220 2001 colorem
1241 1937 1297 2002 rel.

785 2092 834 2166 28
859 2112 900 2145 =
927 2093 1022 2179 2,19.
1062 2088 1131 2181 (de
1158 2096 1317 2189 tempe).

543 2216 676 2319 siliqua
709 2219 891 2299 silvestris
922 2221 1096 2321 amplecti
1131 2223 1315 2301 radicibus
1353 2222 1492 2300 fontem
1519 2242 1589 2295 eun

545 2352 678 2429 dieitur
703 2376 851 2454 semper
875 2354 1013 2433 florens
1041 2378 1212 2455 purpura.

577 2485 693 2567 ,Arbor
723 2486 839 2551 floreus
872 2507 1032 2573 purpureo
1067 2487 1184 2553 oolore‘
1223 2488 1347 2553 vitruv,
1379 2484 1470 2551 VIII.
1493 2487 1521 2553 3.
1553 2486 1590 2549 lb.
1652 2568 1653 2577 ἦ

496 2600 610 2703 Itaque
634 2602 738 2667 scribo
755 2610 884 2683 floreae,
905 2624 1113 2687 purpureo.

409 2750 472 2820 w
934 2728 1175 2815 w=2ffl
1650 2810 1651 2818 p

543 2851 781 2932 Destillantes
819 2878 968 2956 quoque
1001 2865 1129 2958 guttae
1169 2856 1292 2956 lapide
1329 2856 1530 2932 durescunt
1558 2853 1587 2928 in
1651 2849 1652 2878 ³

543 2987 656 3062 antus
684 2987 860 3086 Coryciis,

579 3126 694 3186 Carinis
715 3126 782 3184 ideo
806 3121 896 3204 VR,
926 3120 1013 3185 uude
1035 3121 1101 3186 Sill.
1131 3128 1198 3184 irem
1219 3127 1250 3184 in
1274 3125 1378 3196 Idaeo,
1415 3121 1480 3185 lan.
1504 3123 1586 3182 Idaeo
1650 3107 1651 3138 ³

493 3237 644 3321 coniecit,
680 3237 764 3324 quod
802 3239 911 3302 neseio
941 3239 1100 3326 quomodo
1129 3259 1200 3303 oum
1238 3237 1405 3306 verborum
1441 3243 1586 3300 structura

493 3355 719 3420 consiliaverit.
742 3355 922 3441 Simplicius
944 3363 977 3421 et
998 3355 1171 3421 nisifallor
1191 3356 1297 3421 verius
1319 3355 1436 3442 legitur
1457 3360 1486 3418 in
1502 3358 1586 3416 narra

494 3475 630 3554 Coryciis
650 3478 755 3536 Idae.
964 3519 970 3524 -

307 3618 309 3627 ¹
409 3588 473 3658 690
979 3589 1113 3656 Ibidem.

542 3709 579 3782 in
615 3707 833 3806 quibusdam
874 3707 1099 3808 speluncis.
1128 3769 1136 3785 .
1164 3706 1428 3802 columnasque
1461 3705 1583 3782 faciunt

546 3845 737 3939 (guttae),
777 3848 816 3916 ut
854 3841 889 3916 in
917 3840 1077 3920 Phausia
1119 3839 1341 3919 Chersonesi
1368 3837 1582 3916 Rhodiorum
1647 3923 1648 3938 ζ

541 3972 607 4048 rel.

573 4105 749 4198 Phausiam
770 4104 933 4169 eodioibus
950 4124 1076 4190 quoque
1090 4105 1227 4169 alienam
1247 4111 1391 4202 veterum
1407 4104 1578 4187 soriptorunr

491 4241 585 4288 nemo
607 4242 743 4307 usquam
765 4221 952 4286 nominavit.
995 4221 1083 4286 Libri
1104 4221 1226 4286 habent
1257 4227 1392 4302 ipsaueia
1415 4219 1471 4284 Vd
1494 4221 1579 4300 ipsein

490 4340 536 4423 R,
558 4339 645 4405 unde
666 4339 798 4424 dempta
818 4320 921 4404 vooali
944 4359 1026 4425 quae
1054 4339 1324 4425 praepositionem
1347 4338 1487 4403 eontinet
1505 4329 1576 4420 quod

491 4464 636 4522 remanet
658 4462 748 4538 prata
775 4462 808 4520 et
836 4463 980 4522 eorreota
1006 4455 1184 4520 litteramm
1212 4455 1451 4542 perturbatione
1476 4460 1506 4516 et
1530 4448 1576 4513 ad·

491 4575 558 4639 dita
579 4594 662 4659 quae
685 4575 850 4640 interierat
871 4574 996 4660 syllaba
1017 4574 1178 4638 simillima
1193 4573 1279 4638 faoili
1292 4572 1510 4638 emendatione
1529 4586 1575 4630 no·

491 4690 615 4756 malma
627 4690 821 4756 Chersonesi
841 4692 930 4777 regio
956 4691 1014 4770 (of.
1024 4692 1064 4756 V.
1078 4691 1157 4774 104)
1182 4691 1316 4757 affinitur
1336 4697 1368 4756 in
1389 4689 1574 4756 Batanaia.
