3700 5625
646 561 893 642 Luer‘t'm..
1279 563 1338 638 lll

250 749 323 838 quod
346 749 447 824 catuli
477 747 674 835 pantheram
696 761 794 816 extra
815 749 1014 818 solitudines
1032 746 1088 814 vel
1107 747 1142 812 in
1162 747 1340 834 quemlihet

248 869 337 934 locoru
349 869 603 946 comitabantur,
622 867 685 931 aed
701 868 790 953 qual
811 865 885 932 sera
904 867 981 948 ipsa
997 865 1340 952 cesoruretinqaerc

249 989 383 1054 audebat.
417 985 535 1070 ltaque
556 982 686 1050 catulos
708 995 847 1048 matrem
869 983 981 1049 statinr
1003 984 1163 1070 prosequi
1183 985 1341 1080 coepisse

248 1103 403 1195 participio
428 1103 612 1189 induatur,
638 1099 805 1168 hominem
827 1111 938 1166 auteur
959 1119 982 1164 a
1003 1098 1168 1185 panthera
1189 1103 1222 1169 in
1244 1101 1342 1168 habi-

250 1233 320 1286 tatas
339 1240 476 1306 quoque
496 1218 653 1302 regiones
677 1217 855 1282 deductum
868 1237 947 1284 este
966 1217 1232 1303 interpunctione
1251 1219 1342 1286 huno

249 1339 273 1402 in
290 1339 416 1403 nodum
440 1347 598 1403 correcta
621 1335 829 1402 declaratura

281 1459 391 1522 exeruit
412 1455 541 1522 catulos
561 1477 633 1520 eona
650 1465 892 1552 prosequentes,
913 1475 1017 1549 ttrqtte
1036 1458 1134 1520 exiro
1150 1454 1343 1521 tolt‘ltttlt'net

280 1575 432 1641 nactus
454 1575 545 1640 heta
566 1581 664 1668 atque
681 1573 848 1662 partiente.

658 1727 917 1824 67:18,2o.
1127 1747 1138 1768 “
1360 1755 1423 1824 175

287 1907 408 1958 omnes
458 1889 582 1956 autem
621 1879 807 1980 (cameli)
840 1878 1086 1954 iumentorum
1129 1878 1342 1956 ministeriis

287 2021 391 2096 dorso
405 2021 612 2118 funguntur
634 2029 744 2118 atque
765 2016 874 2092 etiam
896 2014 1105 2116 equitatu
1125 2014 1164 2090 in
1177 2015 1342 2114 proeliis.

314 2167 505 2236 ministeriis
532 2189 552 2233 e
576 2166 733 2232 librorum
757 2167 842 2234 Mas.
866 2165 1010 2232 lectione
1037 2167 1073 2230 ia
1096 2163 1148 2230 ta
1169 2164 1266 2230 terrie
1291 2165 1345 2232 rel

249 2288 276 2348 in
291 2289 327 2350 iis
344 2289 445 2352 terris
468 2287 577 2354 Solini
591 2287 667 2354 loco
684 2287 777 2354 atu.
787 2305 871 2352 usus
885 2287 1022 2373 egregie
1035 2286 1221 2354 Salmasius
1231 2285 1346 2372 aaut.

250 2405 351 2473 effecit.
395 2408 490 2472 ldetn
514 2408 612 2471 etiam
632 2429 665 2472 v.
687 2409 835 2502 equitata
856 2416 1048 2490 corruptam
1072 2425 1152 2472 essa
1172 2404 1346 2472 intellexit.

251 2521 356 2590 Corneli
379 2526 471 2590 enirn
494 2526 642 2610 equitatu
663 2524 757 2610 fungi
785 2547 852 2590 non
881 2536 1043 2611 possunt,
1069 2538 1170 2610 quarn
1193 2547 1260 2590 non
1281 2526 1347 2609 ipsi

251 2647 329 2728 equis
348 2647 531 2710 insideant.
581 2643 779 2730 Fungentur
797 2644 980 2710 ministeria
1003 2644 1094 2729 quoti
1114 2643 1199 2710 aliae
1219 2645 1347 2729 equita·
1379 2736 1383 2741 .

252 2770 292 2827 tos
320 2773 484 2847 praestat.
539 2762 657 2848 Neque
688 2773 799 2827 tamen
825 2781 914 2846 opus
941 2770 994 2827 ert
1022 2770 1059 2825 ut
1081 2781 1156 2825 eum
1180 2761 1348 2830 salmasio

252 2880 334 2942 υἰοεηι
353 2882 522 2975 equitatus
543 2878 707 2964 legamus.
753 2878 838 2953 Qum
862 2878 948 2942 enim
972 2878 1130 2946 incoari
1151 2878 1350 2974 equitatulllll

252 2995 275 3057 ln
293 2996 322 3060 R
341 2999 527 3090 equitatura
555 2996 588 3059 in
610 3010 636 3062 θ
666 2998 830 3089 eqrritatur
852 2996 1057 3079 reperiatur,
1084 3007 1228 3079 apparet
1248 2997 1348 3063 flnetn

252 3118 388 3183 vocabuli
411 3118 445 3181 in
470 3114 655 3200 archetypo
678 3134 830 3190 mancum
850 3088 969 3181 sitisse.
1016 3113 1202 3179 Genitivonr
1224 3116 1348 3201 requiri

253 3234 447 3299 utarriiestum
473 3243 536 3313 est,
560 3252 657 3315 quern
670 3229 855 3295 Salmasius
875 3231 1039 3323 equitatur
1060 3228 1166 3295 tuisse
1189 3233 1348 3310 conieoll3

208 3440 209 3445 γ
253 3352 352 3417 niellus
372 3352 523 3416 fortasse
548 3348 567 3410 e
591 3346 663 3411 cod.
683 3344 715 3409 R
736 3344 941 3440 aqrtltatunm
961 3346 1161 3414 restituetur.

669 3496 842 3593 79:21,
859 3498 919 3575 33.
1364 3536 1429 3603 175

292 3638 465 3713 Iniiciunt
490 3638 556 3711 has
589 3634 813 3737 (mustelas)
846 3634 1013 3745 cauernis
1041 3636 1349 3744 (basiliscorum)

293 3774 396 3849 facile
420 3767 578 3871 cognitis
601 3768 669 3843 soli
695 3770 799 3859 tabe3
824 3779 958 3845 necant
979 3769 1062 3843 illae
1089 3771 1348 3879 simulodore‚

294 3908 573 4006 moriunturque
600 3879 809 3985 cincturae
831 3928 960 4009 ¹pugne
986 3878 1193 3979 conficitur.
1208 3886 1223 3898 ..
1280 3885 1284 3899 ⁵

323 4057 470 4123 Sensum
489 4054 556 4121 loci
578 4062 671 4119 recte
695 4050 843 4135 Silligias
865 4052 1032 4136 explicuit.
1074 4054 1209 4121 Scilicet
1227 4035 1351 4126 nutste-⁸

254 4168 298 4237 lae
319 4173 419 4241 simul
446 4181 571 4238 necant
596 4168 773 4235 basiliscos
798 4169 993 4253 etquidem.
1011 4170 1116 4246 odore
1145 4182 1179 4237 et
1204 4194 1350 4241 corrtnro·

255 4291 386 4373 riantur,
421 4312 488 4379 quo
517 4289 608 4355 exitu
633 4288 779 4373 ingenita
808 4286 1006 4365 animalibus
1033 4289 1200 4384 inimicitia
1231 4292 1352 4359 finitor.

256 4404 314 4472 Sed
338 4430 440 4497 quarn
462 4405 962 4509 ille'trauspositieaeinierro
987 4419 1127 4484 conatur
1154 4412 1267 4485 uerbis
1289 4414 1352 4479 Pli-

255 4525 349 4595 niuais
363 4528 744 4609 ‘sarcnuauaaecanr
757 4528 863 4601 odore
886 4526 1232 4631 moriunturqueillae
1253 4528 1352 4601 simul
