3700 5625
427 755 490 822 139

510 575 573 642 114
970 574 1077 642 aaa,
1094 577 1161 643 Vt.
1245 575 1256 588 “

912 761 1201 842 lbi-:ibidem

556 909 755 987 Minaei...
779 936 937 1010 quorum
961 914 1143 988 cormaci.
1171 912 1359 1016 Oppidum
1376 912 1478 989 XIV
1500 911 1575 987 mil.
1592 939 1625 1013 p.

557 1047 771 1148 Marippa
791 1047 1127 1142 Palmalacum,
1150 1059 1188 1123 et
1209 1047 1331 1150 ipsum
1350 1074 1428 1124 non
1452 1075 1625 1149 spernen-

557 1187 657 1282 dum,
678 1185 768 1260 item
790 1185 984 1262 Oarnou.

589 1355 746 1440 Mortppo
771 1355 889 1418 scribit
909 1353 958 1439 R,
985 1353 1140 1420 Moneta
1161 1354 1229 1434 Tel,
1251 1351 1404 1418 Mmriba
1427 1368 1468 1420 Θ.
1522 1353 1623 1427 Quum

505 1485 619 1538 autem
641 1471 858 1556 Calingorum
880 1473 1040 1556 oppidum
1060 1473 1198 1538 Marica
1219 1470 1249 1556 §.
1262 1469 1333 1536 lua.
1354 1470 1544 1553 ‚,dorniuos
1564 1491 1623 1535 o·-

505 1592 617 1656 nium“
638 1592 875 1673 interpretetur
900 1589 1038 1674 Plinius,
1056 1588 1111 1654 bic
1132 1607 1265 1675 quoque
1286 1601 1390 1674 caput
1408 1589 1621 1656 Minaeoruu

505 1708 624 1774 eadem
642 1707 885 1794 significatione
906 1707 1102 1773 nominasse
1121 1706 1291 1791 putandus
1304 1715 1373 1772 esta
1393 1705 1621 1791 praeferenda

506 1839 559 1894 est
582 1829 682 1912 igitur
695 1833 744 1892 'ea
764 1824 874 1892 forma
896 1845 997 1912 quam
1018 1840 1047 1893 θ
1068 1825 1214 1905 exhibet,
1236 1845 1338 1911 quam
1357 1848 1376 1888 r
1394 1836 1431 1890 et
1454 1849 1477 1888 v
1497 1823 1619 1908 saepis·

504 1949 588 2013 sitne
621 1945 781 2012 confundi
814 1955 956 2010 constet.
1013 1944 1192 2011 Diversum
1227 1965 1249 2010 a
1277 1945 1424 2011 maxima
1457 1946 1547 2010 urbe
1572 1951 1618 2008 est

504 2064 757 2146 „Palmalacum
779 2074 813 2128 et
834 2063 944 2146 ipsum
967 2083 1034 2127 non
1056 2062 1318 2147 spernendum,
1350 2064 1618 2148 interpunctione

505 2183 604 2269 igitur
632 2181 909 2266 distinguendum.
969 2178 1106 2245 Gurnon
1132 2200 1154 2242 a
1178 2178 1262 2246 Ptol.
1276 2180 1333 2246 Vl.
1352 2180 1385 2244 7.
1404 2179 1461 2248 at.
1485 2179 1615 2266 Καρμᾶν

504 2304 678 2387 βασίλειον,
691 2322 712 2366 a
723 2298 897 2383 Stephano
910 2297 1078 2383 Kolpvauot,
1093 2299 1238 2366 aStrab.
1247 2298 1338 2364 XVl.
1350 2320 1382 2383 p.
1391 2299 1469 2369 768.
1479 2289 1615 2383 Κάρναῆ

503 2418 660 2503 Κάρνανα
680 2435 835 2484 vocatum
862 2417 1076 2483 hauddubie
1104 2429 1205 2502 caput
1225 2418 1486 2498 cainaeorum,
1517 2419 1613 2484 tribus

504 2537 725 2616 Minaeorum,
740 2533 810 2600 fuit.
836 2534 990 2619 Apparet
1011 2535 1110 2620 igitur
1131 2535 1220 2618 apud
1237 2534 1464 2603 Ptolemaeum
1488 2535 1611 2624 Καρνάν

503 2653 716 2718 scribendum
733 2673 824 2720 esse.
871 2653 970 2728 Quod
992 2640 1101 2718 autern
1124 2653 1318 2720 Fresuellus
1337 2656 1371 2720 iu
1385 2656 1610 2724 DionnAsiat

504 2783 523 2838 t.
537 2771 582 2841 X.
597 2770 687 2838 1810.
709 2794 743 2859 p.
758 2770 815 2837 181
837 2793 910 2859 sqq.
932 2772 1088 2839 laudatus
1111 2792 1131 2837 a
1152 2773 1283 2840 Rittero
1306 2773 1431 2859 Geogr.
1455 2770 1609 2842 tom.Xll.

454 2934 456 2939 -
503 2915 535 2976 p.
551 2891 626 2960 281.
649 2891 802 2957 Mariaba
824 2889 1056 2955 Baramalcom
1077 2910 1098 2953 a
1119 2890 1193 2956 filiis
1214 2912 1329 2976 regum
1355 2893 1523 2978 appellari
1550 2901 1608 2956 sta·

421 4366 483 4432 lto

503 3013 573 3093 tuit,
595 3009 793 3094 optimorum
815 3005 973 3072 librorum
996 3008 1166 3091 scriptura
1185 3030 1282 3094 quarn
1295 3010 1445 3094 Silligius
1461 2994 1606 3084 restituit,

503 3126 674 3195 refellitur.
719 3125 941 3191 Palmalacum
965 3127 1052 3191 enim
1072 3125 1196 3191 Plinius
1209 3127 1340 3192 Mariua
1358 3130 1493 3215 quidem
1515 3128 1605 3193 mino·

502 3266 573 3313 rern
589 3248 651 3314 sed
668 3266 823 3331 magnam
838 3238 949 3311 tamen
960 3249 1077 3313 urbem
1088 3246 1196 3311 fuisse
1215 3245 1326 3325 tradit,
1349 3250 1496 3332 Carnon,
1518 3263 1606 3331 quam

503 3368 589 3431 inter
604 3366 758 3430 Minaeos
778 3367 923 3431 omnium
949 3367 1123 3430 maximam
1145 3364 1388 3431 suisseStrabo
1410 3366 1527 3445 refert,
1546 3382 1605 3428 nou

503 3485 695 3553 accuratius
719 3484 888 3548 describit.
933 3484 983 3549 Eo
1006 3504 1138 3570 quoque
1160 3484 1311 3551 Ritterus
1334 3507 1367 3569 p.
1378 3483 1452 3548 277.
1475 3482 1603 3552 fallitur,

502 3601 594 3686 qarod
623 3621 642 3665 e
669 3598 761 3663 Plinii
788 3602 955 3667 sententia
982 3600 1112 3667 incolas
1141 3602 1236 3686 ipsos
1265 3604 1424 3668 aMinoe
1451 3602 1603 3691 originem

503 3719 626 3784 ducere
651 3717 832 3782 arbitratus
856 3732 921 3786 est.
974 3718 1121 3785 Verbum
1143 3722 1229 3784 enirn
1252 3728 1417 3807 „putant“
1438 3725 1482 3787 ad
1505 3720 1602 3785 Grae-

502 3860 562 3905 cos
585 3848 743 3902 auctores
763 3837 919 3923 pertinet,
942 3836 1040 3901 sicuti
1061 3835 1149 3902 infra
1169 3836 1196 3924 §.
1209 3836 1281 3906 159.
1303 3839 1401 3904 iidem
1419 3838 1601 3924 Euphraten

500 3961 533 4025 iu
546 3958 674 4025 Arabia
693 3977 868 4043 emergere
887 3963 1063 4042 ‚‚putant“,
1084 3955 1129 4022 cf.
1143 3956 1252 4023 Strab.
1264 3956 1351 4021 XVl.
1366 3979 1398 4041 p.
1408 3958 1482 4022 741.
1504 3949 1598 4020 Paulo

501 4097 607 4162 supra
628 4086 721 4141 recte
740 4073 898 4141 Gelenius
922 4068 1014 4139 Arra
1035 4075 1108 4138 sive
1130 4074 1241 4157 potius
1251 4072 1340 4138 Arre
1351 4074 1499 4159 scripsit,
1522 4086 1598 4159 quae

500 4192 591 4281 apud
605 4192 838 4259 'Ptolemaeum
859 4190 918 4255 Vl.
936 4188 1028 4255 aab.
1041 4182 1138 4275 ’Ἂῤῥη
1159 4189 1250 4276 κώμη
1272 4192 1468 4258 nominatur.

910 4356 986 4433 158
1001 4354 1199 4433 :ibidem

547 4510 778 4604 Bacascami,
797 4506 1023 4610 Riphearma
1044 4507 1258 4611 oppidum
1282 4516 1344 4599 rel.
