<?xml version="1.0" encoding="UTF-8"?>
<!DOCTYPE html PUBLIC "-//W3C//DTD XHTML 1.0 Transitional//EN"
    "http://www.w3.org/TR/xhtml1/DTD/xhtml1-transitional.dtd">
<html xmlns="http://www.w3.org/1999/xhtml" xml:lang="en" lang="en">
 <head>
  <title>
</title>
<meta http-equiv="Content-Type" content="text/html;charset=utf-8" />
  <meta name='ocr-system' content='tesseract 3.04.00' />
  <meta name='ocr-capabilities' content='ocr_page ocr_carea ocr_par ocr_line ocrx_word'/>
</head>
<body>
  <div class='ocr_page' id='page_1' title='image "./vindiciaeplinia01urligoog_0284.png"; bbox 0 0 3700 5625; ppageno 0'>
   <div class='ocr_carea' id='block_1_1' title="bbox 480 758 1185 866">
    <p class='ocr_par' dir='ltr' id='par_1_1' title="bbox 480 758 1185 866">
     <span class='ocr_line' id='line_1_1' title="bbox 480 758 1185 866; baseline -0.004 -33"><span class='ocrx_word' id='word_1_1' title='bbox 480 763 523 834; x_wconf 81' lang='grc'>78</span> <span class='ocrx_word' id='word_1_2' title='bbox 929 764 1018 831; x_wconf 69' lang='lat' dir='ltr'>tiber</span> <span class='ocrx_word' id='word_1_3' title='bbox 1044 758 1137 833; x_wconf 62' lang='lat' dir='ltr'>nti.</span> <span class='ocrx_word' id='word_1_4' title='bbox 1184 861 1185 866; x_wconf 29' lang='lat'>.</span> 
     </span>
    </p>
   </div>
   <div class='ocr_carea' id='block_1_2' title="bbox 283 948 1640 4357">
    <p class='ocr_par' dir='ltr' id='par_1_2' title="bbox 481 948 1570 1395">
     <span class='ocr_line' id='line_1_2' title="bbox 562 948 1568 1047; baseline 0.001 -23"><span class='ocrx_word' id='word_1_5' title='bbox 562 958 613 1025; x_wconf 78' lang='lat' dir='ltr'>Itt</span> <span class='ocrx_word' id='word_1_6' title='bbox 635 948 700 1027; x_wconf 82' lang='lat' dir='ltr'>Sili.</span> <span class='ocrx_word' id='word_1_7' title='bbox 725 981 743 1025; x_wconf 87' lang='lat' dir='ltr'>e</span> <span class='ocrx_word' id='word_1_8' title='bbox 764 959 874 1026; x_wconf 89' lang='lat' dir='ltr'>codice</span> <span class='ocrx_word' id='word_1_9' title='bbox 893 949 932 1044; x_wconf 72' lang='lat' dir='ltr'>T,</span> <span class='ocrx_word' id='word_1_10' title='bbox 955 981 1049 1047; x_wconf 87' lang='lat' dir='ltr'>quam</span> <span class='ocrx_word' id='word_1_11' title='bbox 1071 961 1232 1026; x_wconf 88' lang='lat' dir='ltr'>tamenin</span> <span class='ocrx_word' id='word_1_12' title='bbox 1254 961 1317 1026; x_wconf 89' lang='lat' dir='ltr'>fine</span> <span class='ocrx_word' id='word_1_13' title='bbox 1339 967 1464 1026; x_wconf 81' lang='lat' dir='ltr'>sednon</span> <span class='ocrx_word' id='word_1_14' title='bbox 1485 961 1568 1047; x_wconf 87' lang='lat' dir='ltr'>scrip·</span> 
     </span>
     <span class='ocr_line' id='line_1_3' title="bbox 481 1075 1569 1164; baseline -0.003 -20"><span class='ocrx_word' id='word_1_15' title='bbox 481 1083 549 1144; x_wconf 92' lang='lat' dir='ltr'>tum</span> <span class='ocrx_word' id='word_1_16' title='bbox 571 1075 691 1142; x_wconf 80' lang='lat' dir='ltr'>habere</span> <span class='ocrx_word' id='word_1_17' title='bbox 711 1079 899 1164; x_wconf 83' lang='lat' dir='ltr'>putaverim.</span> <span class='ocrx_word' id='word_1_18' title='bbox 933 1076 1121 1144; x_wconf 77' lang='lat' dir='ltr'>Ceterorum</span> <span class='ocrx_word' id='word_1_19' title='bbox 1137 1095 1255 1164; x_wconf 80' lang='lat' dir='ltr'>magna</span> <span class='ocrx_word' id='word_1_20' title='bbox 1277 1085 1327 1143; x_wconf 88' lang='lat' dir='ltr'>est</span> <span class='ocrx_word' id='word_1_21' title='bbox 1347 1077 1492 1145; x_wconf 82' lang='lat' dir='ltr'>varietas.</span> <span class='ocrx_word' id='word_1_22' title='bbox 1513 1077 1569 1142; x_wconf 83' lang='lat' dir='ltr'>Ha-</span> 
     </span>
     <span class='ocr_line' id='line_1_4' title="bbox 481 1192 1570 1281; baseline -0.001 -21"><span class='ocrx_word' id='word_1_23' title='bbox 481 1195 559 1260; x_wconf 85' lang='lat' dir='ltr'>bent</span> <span class='ocrx_word' id='word_1_24' title='bbox 580 1194 664 1258; x_wconf 89' lang='lat' dir='ltr'>enim</span> <span class='ocrx_word' id='word_1_25' title='bbox 685 1199 771 1259; x_wconf 80' lang='lat' dir='ltr'>ottus</span> <span class='ocrx_word' id='word_1_26' title='bbox 792 1201 913 1260; x_wconf 80' lang='lat' dir='ltr'><em>saluber</em></span> <span class='ocrx_word' id='word_1_27' title='bbox 939 1215 978 1260; x_wconf 86' lang='lat' dir='ltr'>ac</span> <span class='ocrx_word' id='word_1_28' title='bbox 998 1201 1072 1261; x_wconf 81' lang='lat' dir='ltr'>lenis</span> <span class='ocrx_word' id='word_1_29' title='bbox 1093 1192 1159 1279; x_wconf 82' lang='lat' dir='ltr'>cd,</span> <span class='ocrx_word' id='word_1_30' title='bbox 1190 1197 1311 1262; x_wconf 72' lang='lat' dir='ltr'>calaber</span> <span class='ocrx_word' id='word_1_31' title='bbox 1332 1201 1383 1262; x_wconf 82' lang='lat' dir='ltr'>blc</span> <span class='ocrx_word' id='word_1_32' title='bbox 1404 1201 1477 1260; x_wconf 81' lang='lat' dir='ltr'>lenis</span> <span class='ocrx_word' id='word_1_33' title='bbox 1496 1193 1570 1281; x_wconf 76' lang='lat' dir='ltr'>Apu·</span> 
     </span>
     <span class='ocr_line' id='line_1_5' title="bbox 481 1311 1062 1395; baseline 0.003 -19"><span class='ocrx_word' id='word_1_34' title='bbox 481 1311 574 1395; x_wconf 85' lang='lat' dir='ltr'>letus,</span> <span class='ocrx_word' id='word_1_35' title='bbox 597 1316 681 1377; x_wconf 79' lang='lat' dir='ltr'>eibos</span> <span class='ocrx_word' id='word_1_36' title='bbox 700 1315 837 1377; x_wconf 79' lang='lat' dir='ltr'>colubres</span> <span class='ocrx_word' id='word_1_37' title='bbox 858 1331 879 1377; x_wconf 85' lang='lat' dir='ltr'>a</span> <span class='ocrx_word' id='word_1_38' title='bbox 899 1334 917 1378; x_wconf 94' lang='lat' dir='ltr'>c</span> <span class='ocrx_word' id='word_1_39' title='bbox 939 1319 1020 1378; x_wconf 75' lang='lat' dir='ltr'>tenes</span> <span class='ocrx_word' id='word_1_40' title='bbox 1043 1334 1062 1378; x_wconf 90' lang='lat' dir='ltr'>a</span> 
     </span>
    </p>

    <p class='ocr_par' dir='ltr' id='par_1_3' title="bbox 523 1429 1146 1752">
     <span class='ocr_line' id='line_1_6' title="bbox 523 1429 1146 1517; baseline 0.002 -23"><span class='ocrx_word' id='word_1_41' title='bbox 523 1432 696 1495; x_wconf 73' lang='lat' dir='ltr'>exisdmant</span> <span class='ocrx_word' id='word_1_42' title='bbox 716 1450 736 1495; x_wconf 89' lang='lat' dir='ltr'>a</span> <span class='ocrx_word' id='word_1_43' title='bbox 757 1448 791 1512; x_wconf 88' lang='lat' dir='ltr'>c,</span> <span class='ocrx_word' id='word_1_44' title='bbox 812 1435 970 1495; x_wconf 74' lang='lat' dir='ltr'>sudsexis</span> <span class='ocrx_word' id='word_1_45' title='bbox 989 1429 1146 1517; x_wconf 77' lang='lat' dir='ltr'>Apuleius</span> 
     </span>
     <span class='ocr_line' id='line_1_7' title="bbox 523 1547 1142 1636; baseline 0.002 -24"><span class='ocrx_word' id='word_1_46' title='bbox 523 1565 583 1613; x_wconf 80' lang='lat' dir='ltr'>non</span> <span class='ocrx_word' id='word_1_47' title='bbox 605 1558 717 1628; x_wconf 81' lang='lat' dir='ltr'>queant</span> <span class='ocrx_word' id='word_1_48' title='bbox 738 1568 797 1613; x_wconf 79' lang='lat' dir='ltr'>ac</span> <span class='ocrx_word' id='word_1_49' title='bbox 820 1547 850 1631; x_wconf 85' lang='lat' dir='ltr'>d,</span> <span class='ocrx_word' id='word_1_50' title='bbox 874 1557 1026 1630; x_wconf 82' lang='lat' dir='ltr'>nequeant</span> <span class='ocrx_word' id='word_1_51' title='bbox 1045 1547 1142 1636; x_wconf 85' lang='lat' dir='ltr'>Apul.</span> 
     </span>
     <span class='ocr_line' id='line_1_8' title="bbox 523 1664 974 1752; baseline 0.002 -23"><span class='ocrx_word' id='word_1_52' title='bbox 523 1669 579 1730; x_wconf 83' lang='lat' dir='ltr'>red</span> <span class='ocrx_word' id='word_1_53' title='bbox 598 1686 615 1731; x_wconf 88' lang='lat' dir='ltr'>c</span> <span class='ocrx_word' id='word_1_54' title='bbox 636 1669 693 1730; x_wconf 75' lang='lat' dir='ltr'>ted</span> <span class='ocrx_word' id='word_1_55' title='bbox 708 1685 772 1733; x_wconf 81' lang='lat' dir='ltr'>non</span> <span class='ocrx_word' id='word_1_56' title='bbox 795 1684 814 1729; x_wconf 90' lang='lat' dir='ltr'>a</span> <span class='ocrx_word' id='word_1_57' title='bbox 836 1664 858 1729; x_wconf 96' lang='lat' dir='ltr'>d</span> <span class='ocrx_word' id='word_1_58' title='bbox 878 1665 974 1752; x_wconf 87' lang='lat' dir='ltr'>Apul.</span> 
     </span>
    </p>

    <p class='ocr_par' dir='ltr' id='par_1_4' title="bbox 482 1778 1640 2116">
     <span class='ocr_line' id='line_1_9' title="bbox 564 1778 1640 1868; baseline -0.005 -22"><span class='ocrx_word' id='word_1_59' title='bbox 564 1781 672 1868; x_wconf 83' lang='lat' dir='ltr'><strong>Atque</strong></span> <span class='ocrx_word' id='word_1_60' title='bbox 707 1788 869 1848; x_wconf 86' lang='lat' dir='ltr'>vetustum</span> <span class='ocrx_word' id='word_1_61' title='bbox 903 1783 1016 1849; x_wconf 81' lang='lat' dir='ltr'>vitium</span> <span class='ocrx_word' id='word_1_62' title='bbox 1048 1782 1113 1846; x_wconf 84' lang='lat' dir='ltr'>iem</span> <span class='ocrx_word' id='word_1_63' title='bbox 1145 1781 1315 1867; x_wconf 84' lang='lat' dir='ltr'>inprimis</span> <span class='ocrx_word' id='word_1_64' title='bbox 1351 1778 1574 1866; x_wconf 69' lang='lat' dir='ltr'>exemplaribus</span> <span class='ocrx_word' id='word_1_65' title='bbox 1639 1833 1640 1850; x_wconf 66' lang='grc'>,</span> 
     </span>
     <span class='ocr_line' id='line_1_10' title="bbox 482 1893 1574 1987; baseline -0.005 -23"><span class='ocrx_word' id='word_1_66' title='bbox 482 1895 584 1964; x_wconf 74' lang='lat' dir='ltr'>fuisse</span> <span class='ocrx_word' id='word_1_67' title='bbox 605 1912 720 1987; x_wconf 83' lang='lat' dir='ltr'>reapse</span> <span class='ocrx_word' id='word_1_68' title='bbox 738 1900 941 1986; x_wconf 70' lang='lat' dir='ltr'>intelligitur:</span> <span class='ocrx_word' id='word_1_69' title='bbox 972 1900 1131 1985; x_wconf 91' lang='lat' dir='ltr'>quomodo</span> <span class='ocrx_word' id='word_1_70' title='bbox 1155 1898 1239 1964; x_wconf 85' lang='lat' dir='ltr'>enim</span> <span class='ocrx_word' id='word_1_71' title='bbox 1260 1897 1362 1982; x_wconf 86' lang='lat' dir='ltr'>cibus,</span> <span class='ocrx_word' id='word_1_72' title='bbox 1392 1897 1457 1984; x_wconf 87' lang='lat' dir='ltr'>‚qui</span> <span class='ocrx_word' id='word_1_73' title='bbox 1477 1893 1574 1982; x_wconf 81' lang='lat' dir='ltr'>petflci</span> 
     </span>
     <span class='ocr_line' id='line_1_11' title="bbox 483 2013 1575 2106; baseline -0.006 -24"><span class='ocrx_word' id='word_1_74' title='bbox 483 2019 634 2104; x_wconf 76' lang='lat' dir='ltr'>nequeat‘.</span> <span class='ocrx_word' id='word_1_75' title='bbox 664 2014 792 2092; x_wconf 77' lang='lat' dir='ltr'>saluber</span> <span class='ocrx_word' id='word_1_76' title='bbox 813 2019 1016 2106; x_wconf 75' lang='lat' dir='ltr'>appellatur?</span> <span class='ocrx_word' id='word_1_77' title='bbox 1054 2017 1159 2093; x_wconf 77' lang='lat' dir='ltr'>Quem</span> <span class='ocrx_word' id='word_1_78' title='bbox 1195 2038 1214 2081; x_wconf 83' lang='lat' dir='ltr'>a</span> <span class='ocrx_word' id='word_1_79' title='bbox 1251 2015 1431 2102; x_wconf 76' lang='lat' dir='ltr'>Chrysippo</span> <span class='ocrx_word' id='word_1_80' title='bbox 1463 2013 1575 2079; x_wconf 84' lang='lat' dir='ltr'>medico</span> 
     </span>
    </p>

    <p class='ocr_par' dir='ltr' id='par_1_5' title="bbox 283 2127 1640 4357">
     <span class='ocr_line' id='line_1_12' title="bbox 484 2127 1628 2221; baseline -0.006 -20"><span class='ocrx_word' id='word_1_81' title='bbox 484 2135 629 2201; x_wconf 86' lang='lat' dir='ltr'>damnari</span> <span class='ocrx_word' id='word_1_82' title='bbox 648 2133 723 2200; x_wconf 88' lang='lat' dir='ltr'>XX.</span> <span class='ocrx_word' id='word_1_83' title='bbox 747 2136 787 2204; x_wconf 84' lang='lat'>17</span> <span class='ocrx_word' id='word_1_84' title='bbox 806 2135 953 2217; x_wconf 87' lang='lat' dir='ltr'>traditur,</span> <span class='ocrx_word' id='word_1_85' title='bbox 976 2134 1037 2200; x_wconf 90' lang='lat' dir='ltr'>hoc</span> <span class='ocrx_word' id='word_1_86' title='bbox 1060 2155 1185 2221; x_wconf 88' lang='lat' dir='ltr'>quoque</span> <span class='ocrx_word' id='word_1_87' title='bbox 1207 2135 1278 2198; x_wconf 91' lang='lat' dir='ltr'>loco</span> <span class='ocrx_word' id='word_1_88' title='bbox 1298 2132 1473 2220; x_wconf 87' lang='lat' dir='ltr'>improbari</span> <span class='ocrx_word' id='word_1_89' title='bbox 1492 2130 1576 2218; x_wconf 87' lang='lat' dir='ltr'>parti·</span> <span class='ocrx_word' id='word_1_90' title='bbox 1624 2127 1628 2138; x_wconf 92' lang='lat'>&#39;</span> 
     </span>
     <span class='ocr_line' id='line_1_13' title="bbox 484 2247 1577 2339; baseline -0.007 -21"><span class='ocrx_word' id='word_1_91' title='bbox 484 2254 556 2318; x_wconf 82' lang='lat' dir='ltr'>cula</span> <span class='ocrx_word' id='word_1_92' title='bbox 577 2264 675 2317; x_wconf 82' lang='lat' dir='ltr'>temen</span> <span class='ocrx_word' id='word_1_93' title='bbox 696 2253 860 2320; x_wconf 82' lang='lat' dir='ltr'>evincitur.</span> <span class='ocrx_word' id='word_1_94' title='bbox 883 2254 989 2338; x_wconf 87' lang='lat' dir='ltr'>Atque</span> <span class='ocrx_word' id='word_1_95' title='bbox 1011 2252 1044 2316; x_wconf 93' lang='lat' dir='ltr'>id</span> <span class='ocrx_word' id='word_1_96' title='bbox 1066 2250 1195 2339; x_wconf 88' lang='lat' dir='ltr'>quidem</span> <span class='ocrx_word' id='word_1_97' title='bbox 1215 2251 1317 2316; x_wconf 84' lang='lat' dir='ltr'>levius</span> <span class='ocrx_word' id='word_1_98' title='bbox 1340 2247 1426 2336; x_wconf 89' lang='lat' dir='ltr'>quod</span> <span class='ocrx_word' id='word_1_99' title='bbox 1439 2272 1468 2315; x_wconf 85' lang='lat' dir='ltr'>v.</span> <span class='ocrx_word' id='word_1_100' title='bbox 1482 2247 1577 2312; x_wconf 82' lang='lat' dir='ltr'>nonin</span> 
     </span>
     <span class='ocr_line' id='line_1_14' title="bbox 483 2369 1640 2462; baseline -0.005 -28"><span class='ocrx_word' id='word_1_101' title='bbox 483 2371 643 2456; x_wconf 82' lang='lat' dir='ltr'>plerisque</span> <span class='ocrx_word' id='word_1_102' title='bbox 656 2369 818 2435; x_wconf 80' lang='lat' dir='ltr'>codicibus</span> <span class='ocrx_word' id='word_1_103' title='bbox 841 2369 924 2433; x_wconf 87' lang='lat' dir='ltr'>male</span> <span class='ocrx_word' id='word_1_104' title='bbox 944 2370 1105 2456; x_wconf 74' lang='lat' dir='ltr'>inseritur.</span> <span class='ocrx_word' id='word_1_105' title='bbox 1133 2369 1216 2434; x_wconf 89' lang='lat' dir='ltr'>Nam</span> <span class='ocrx_word' id='word_1_106' title='bbox 1239 2389 1322 2454; x_wconf 85' lang='lat' dir='ltr'>quae</span> <span class='ocrx_word' id='word_1_107' title='bbox 1343 2388 1408 2433; x_wconf 91' lang='lat' dir='ltr'>non</span> <span class='ocrx_word' id='word_1_108' title='bbox 1431 2385 1576 2450; x_wconf 88' lang='lat' dir='ltr'>concoqu·</span> <span class='ocrx_word' id='word_1_109' title='bbox 1639 2421 1640 2462; x_wconf 51' lang='grc'><strong>1</strong></span> 
     </span>
     <span class='ocr_line' id='line_1_15' title="bbox 483 2479 1640 2578; baseline -0.007 -26"><span class='ocrx_word' id='word_1_110' title='bbox 483 2494 589 2569; x_wconf 86' lang='lat' dir='ltr'>untur,</span> <span class='ocrx_word' id='word_1_111' title='bbox 603 2488 820 2552; x_wconf 88' lang='lat' dir='ltr'>intumescunt</span> <span class='ocrx_word' id='word_1_112' title='bbox 831 2488 864 2552; x_wconf 96' lang='lat' dir='ltr'>in</span> <span class='ocrx_word' id='word_1_113' title='bbox 877 2487 1028 2568; x_wconf 82' lang='lat' dir='ltr'>alvo‘(ct.</span> <span class='ocrx_word' id='word_1_114' title='bbox 1051 2486 1158 2552; x_wconf 88' lang='lat' dir='ltr'>XXII.</span> <span class='ocrx_word' id='word_1_115' title='bbox 1176 2486 1260 2566; x_wconf 87' lang='grc'><strong>136).</strong></span> <span class='ocrx_word' id='word_1_116' title='bbox 1283 2485 1388 2550; x_wconf 83' lang='lat' dir='ltr'>Maius</span> <span class='ocrx_word' id='word_1_117' title='bbox 1396 2479 1577 2550; x_wconf 85' lang='lat' dir='ltr'>autemillud</span> <span class='ocrx_word' id='word_1_118' title='bbox 1639 2539 1640 2578; x_wconf 45' lang='lat'>3</span> 
     </span>
     <span class='ocr_line' id='line_1_16' title="bbox 484 2601 1640 2696; baseline -0.006 -28"><span class='ocrx_word' id='word_1_119' title='bbox 484 2605 570 2691; x_wconf 92' lang='lat' dir='ltr'>quod</span> <span class='ocrx_word' id='word_1_120' title='bbox 597 2605 785 2691; x_wconf 87' lang='lat' dir='ltr'>relinquitur</span> <span class='ocrx_word' id='word_1_121' title='bbox 813 2604 965 2669; x_wconf 86' lang='lat' dir='ltr'>mendum</span> <span class='ocrx_word' id='word_1_122' title='bbox 992 2603 1068 2669; x_wconf 89' lang='lat' dir='ltr'>inde</span> <span class='ocrx_word' id='word_1_123' title='bbox 1101 2611 1204 2669; x_wconf 88' lang='lat' dir='ltr'>ortum</span> <span class='ocrx_word' id='word_1_124' title='bbox 1229 2609 1279 2667; x_wconf 89' lang='lat' dir='ltr'>est</span> <span class='ocrx_word' id='word_1_125' title='bbox 1307 2601 1393 2689; x_wconf 92' lang='lat' dir='ltr'>quod</span> <span class='ocrx_word' id='word_1_126' title='bbox 1420 2601 1578 2667; x_wconf 81' lang='lat' dir='ltr'>verborum</span> <span class='ocrx_word' id='word_1_127' title='bbox 1639 2655 1640 2696; x_wconf 58' lang='grc'><strong>1</strong></span> 
     </span>
     <span class='ocr_line' id='line_1_17' title="bbox 485 2707 1640 2817; baseline -0.005 -32"><span class='ocrx_word' id='word_1_128' title='bbox 485 2721 627 2787; x_wconf 89' lang='lat' dir='ltr'>ordinem</span> <span class='ocrx_word' id='word_1_129' title='bbox 650 2721 769 2786; x_wconf 86' lang='lat' dir='ltr'>librarii</span> <span class='ocrx_word' id='word_1_130' title='bbox 796 2722 1023 2809; x_wconf 84' lang='lat' dir='ltr'>perturbarunt</span> <span class='ocrx_word' id='word_1_131' title='bbox 1050 2719 1333 2808; x_wconf 82' lang='lat' dir='ltr'>perturbatumque</span> <span class='ocrx_word' id='word_1_132' title='bbox 1361 2707 1457 2785; x_wconf 83' lang='lat' dir='ltr'>variis</span> <span class='ocrx_word' id='word_1_133' title='bbox 1484 2715 1578 2782; x_wconf 82' lang='lat' dir='ltr'>modis</span> <span class='ocrx_word' id='word_1_134' title='bbox 1639 2775 1640 2817; x_wconf 59' lang='grc'><strong>1</strong></span> 
     </span>
     <span class='ocr_line' id='line_1_18' title="bbox 484 2833 1580 2927; baseline -0.004 -23"><span class='ocrx_word' id='word_1_135' title='bbox 484 2841 701 2907; x_wconf 87' lang='lat' dir='ltr'>restituerunt.</span> <span class='ocrx_word' id='word_1_136' title='bbox 723 2833 950 2927; x_wconf 84' lang='lat' dir='ltr'>Distinguatur</span> <span class='ocrx_word' id='word_1_137' title='bbox 972 2842 1056 2906; x_wconf 87' lang='lat' dir='ltr'>enim</span> <span class='ocrx_word' id='word_1_138' title='bbox 1076 2847 1202 2926; x_wconf 88' lang='lat' dir='ltr'>oportet</span> <span class='ocrx_word' id='word_1_139' title='bbox 1224 2846 1333 2905; x_wconf 84' lang='lat' dir='ltr'>cortex</span> <span class='ocrx_word' id='word_1_140' title='bbox 1354 2839 1388 2902; x_wconf 93' lang='lat' dir='ltr'>in</span> <span class='ocrx_word' id='word_1_141' title='bbox 1410 2858 1443 2902; x_wconf 87' lang='lat' dir='ltr'>re</span> <span class='ocrx_word' id='word_1_142' title='bbox 1466 2837 1580 2901; x_wconf 86' lang='lat' dir='ltr'>medica</span> 
     </span>
     <span class='ocr_line' id='line_1_19' title="bbox 484 2941 1580 3041; baseline -0.005 -20"><span class='ocrx_word' id='word_1_143' title='bbox 484 2956 672 3022; x_wconf 86' lang='lat' dir='ltr'>utilissimus</span> <span class='ocrx_word' id='word_1_144' title='bbox 698 2954 754 3027; x_wconf 72' lang='lat' dir='ltr'>(ci.</span> <span class='ocrx_word' id='word_1_145' title='bbox 776 2948 984 3023; x_wconf 84' lang='lat' dir='ltr'>Dioscorides</span> <span class='ocrx_word' id='word_1_146' title='bbox 1005 2960 1043 3024; x_wconf 91' lang='lat' dir='ltr'>II.</span> <span class='ocrx_word' id='word_1_147' title='bbox 1065 2958 1141 3041; x_wconf 87' lang='grc'><strong>161,</strong></span> <span class='ocrx_word' id='word_1_148' title='bbox 1166 2953 1221 3023; x_wconf 87' lang='lat' dir='ltr'>IV.</span> <span class='ocrx_word' id='word_1_149' title='bbox 1244 2957 1323 3035; x_wconf 78' lang='lat'>185)</span> <span class='ocrx_word' id='word_1_150' title='bbox 1361 2962 1393 3021; x_wconf 89' lang='lat' dir='ltr'>et</span> <span class='ocrx_word' id='word_1_151' title='bbox 1431 2946 1518 3021; x_wconf 82' lang='lat' dir='ltr'>cibus</span> <span class='ocrx_word' id='word_1_152' title='bbox 1543 2941 1580 3016; x_wconf 86' lang='lat' dir='ltr'>ad</span> 
     </span>
     <span class='ocr_line' id='line_1_20' title="bbox 483 3071 1640 3167; baseline -0.005 -27"><span class='ocrx_word' id='word_1_153' title='bbox 483 3075 678 3140; x_wconf 83' lang='lat' dir='ltr'>vescendum</span> <span class='ocrx_word' id='word_1_154' title='bbox 700 3076 887 3161; x_wconf 88' lang='lat' dir='ltr'>plerumque</span> <span class='ocrx_word' id='word_1_155' title='bbox 908 3076 1039 3158; x_wconf 75' lang='lat' dir='ltr'>noxius,</span> <span class='ocrx_word' id='word_1_156' title='bbox 1060 3076 1094 3140; x_wconf 91' lang='lat' dir='ltr'>in</span> <span class='ocrx_word' id='word_1_157' title='bbox 1113 3074 1274 3140; x_wconf 88' lang='lat' dir='ltr'>medicina</span> <span class='ocrx_word' id='word_1_158' title='bbox 1295 3095 1359 3139; x_wconf 91' lang='lat' dir='ltr'>non</span> <span class='ocrx_word' id='word_1_159' title='bbox 1381 3071 1580 3160; x_wconf 85' lang='lat' dir='ltr'>spernendus,</span> <span class='ocrx_word' id='word_1_160' title='bbox 1639 3126 1640 3167; x_wconf 50' lang='lat'><em>3</em></span> 
     </span>
     <span class='ocr_line' id='line_1_21' title="bbox 484 3188 1640 3285; baseline -0.004 -28"><span class='ocrx_word' id='word_1_161' title='bbox 484 3192 524 3260; x_wconf 85' lang='lat' dir='ltr'>cf.</span> <span class='ocrx_word' id='word_1_162' title='bbox 545 3188 653 3257; x_wconf 90' lang='lat' dir='ltr'>XXII.</span> <span class='ocrx_word' id='word_1_163' title='bbox 676 3195 725 3260; x_wconf 81' lang='lat'>14.</span> <span class='ocrx_word' id='word_1_164' title='bbox 769 3195 881 3278; x_wconf 85' lang='lat' dir='ltr'>Itaque</span> <span class='ocrx_word' id='word_1_165' title='bbox 919 3192 1027 3258; x_wconf 88' lang='lat' dir='ltr'>deleta</span> <span class='ocrx_word' id='word_1_166' title='bbox 1055 3214 1134 3260; x_wconf 87' lang='lat' dir='ltr'>voce</span> <span class='ocrx_word' id='word_1_167' title='bbox 1163 3198 1248 3259; x_wconf 67' lang='lat' dir='ltr'>abac</span> <span class='ocrx_word' id='word_1_168' title='bbox 1275 3191 1326 3258; x_wconf 85' lang='lat' dir='ltr'>vel</span> <span class='ocrx_word' id='word_1_169' title='bbox 1353 3195 1437 3256; x_wconf 82' lang='lat' dir='ltr'>eibos</span> <span class='ocrx_word' id='word_1_170' title='bbox 1468 3190 1582 3275; x_wconf 90' lang='lat' dir='ltr'>reliqua</span> <span class='ocrx_word' id='word_1_171' title='bbox 1639 3244 1640 3285; x_wconf 58' lang='grc'><strong>1</strong></span> 
     </span>
     <span class='ocr_line' id='line_1_22' title="bbox 485 3280 1640 3403; baseline -0.003 -29"><span class='ocrx_word' id='word_1_172' title='bbox 485 3310 532 3376; x_wconf 86' lang='lat' dir='ltr'>sic</span> <span class='ocrx_word' id='word_1_173' title='bbox 554 3309 732 3375; x_wconf 85' lang='lat' dir='ltr'>ordinanda</span> <span class='ocrx_word' id='word_1_174' title='bbox 755 3316 864 3374; x_wconf 88' lang='lat' dir='ltr'>erunt:</span> <span class='ocrx_word' id='word_1_175' title='bbox 1068 3280 1075 3293; x_wconf 91' lang='lat'>.</span> <span class='ocrx_word' id='word_1_176' title='bbox 1639 3370 1640 3403; x_wconf 57' lang='grc'><strong>1</strong></span> 
     </span>
     <span class='ocr_line' id='line_1_23' title="bbox 529 3410 1640 3523; baseline -0.006 -29"><span class='ocrx_word' id='word_1_177' title='bbox 529 3410 641 3494; x_wconf 76' lang='lat' dir='ltr'>Cortex</span> <span class='ocrx_word' id='word_1_178' title='bbox 662 3433 752 3493; x_wconf 81' lang='lat' dir='ltr'>viridi</span> <span class='ocrx_word' id='word_1_179' title='bbox 773 3438 855 3492; x_wconf 82' lang='lat' dir='ltr'>tener</span> <span class='ocrx_word' id='word_1_180' title='bbox 876 3432 1035 3491; x_wconf 84' lang='lat' dir='ltr'>deradttar</span> <span class='ocrx_word' id='word_1_181' title='bbox 1058 3426 1113 3507; x_wconf 78' lang='lat' dir='ltr'>(eb</span> <span class='ocrx_word' id='word_1_182' title='bbox 1131 3428 1235 3511; x_wconf 78' lang='grc' dir='ltr'><strong><em>ξέσμα</em></strong></span> <span class='ocrx_word' id='word_1_183' title='bbox 1248 3424 1332 3511; x_wconf 86' lang='lat' dir='ltr'>apud</span> <span class='ocrx_word' id='word_1_184' title='bbox 1346 3424 1580 3499; x_wconf 87' lang='lat' dir='ltr'>Dioscoridem)</span> <span class='ocrx_word' id='word_1_185' title='bbox 1639 3480 1640 3523; x_wconf 62' lang='grc'><strong>1</strong></span> 
     </span>
     <span class='ocr_line' id='line_1_24' title="bbox 526 3548 1640 3649; baseline -0.003 -41"><span class='ocrx_word' id='word_1_186' title='bbox 526 3549 647 3610; x_wconf 81' lang='lat' dir='ltr'>calaber</span> <span class='ocrx_word' id='word_1_187' title='bbox 668 3565 709 3610; x_wconf 83' lang='lat' dir='ltr'>ec</span> <span class='ocrx_word' id='word_1_188' title='bbox 731 3548 964 3624; x_wconf 65' lang='lat' dir='ltr'>conectuntur</span> <span class='ocrx_word' id='word_1_189' title='bbox 991 3549 1104 3622; x_wconf 80' lang='lat' dir='ltr'>modis;</span> <span class='ocrx_word' id='word_1_190' title='bbox 1131 3548 1320 3610; x_wconf 71' lang='lat' dir='ltr'>nibilominus</span> <span class='ocrx_word' id='word_1_191' title='bbox 1340 3550 1371 3610; x_wconf 81' lang='lat' dir='ltr'>tn</span> <span class='ocrx_word' id='word_1_192' title='bbox 1399 3548 1474 3609; x_wconf 80' lang='lat' dir='ltr'>cibis</span> <span class='ocrx_word' id='word_1_193' title='bbox 1495 3553 1582 3607; x_wconf 81' lang='lat' dir='ltr'>tamer</span> <span class='ocrx_word' id='word_1_194' title='bbox 1639 3590 1640 3649; x_wconf 72' lang='grc'><strong>1</strong></span> 
     </span>
     <span class='ocr_line' id='line_1_25' title="bbox 408 3667 1187 3742; baseline -0.001 -15"><span class='ocrx_word' id='word_1_195' title='bbox 408 3688 415 3707; x_wconf 74' lang='lat'><em>⁴</em></span> <span class='ocrx_word' id='word_1_196' title='bbox 526 3668 700 3731; x_wconf 62' lang='lat' dir='ltr'>emanans</span> <span class='ocrx_word' id='word_1_197' title='bbox 719 3667 772 3742; x_wconf 76' lang='lat' dir='ltr'>qus·</span> <span class='ocrx_word' id='word_1_198' title='bbox 789 3668 898 3742; x_wconf 68' lang='lat' dir='ltr'>perfia</span> <span class='ocrx_word' id='word_1_199' title='bbox 917 3698 958 3711; x_wconf 91' lang='lat'>-</span> <span class='ocrx_word' id='word_1_200' title='bbox 982 3667 1187 3727; x_wconf 68' lang='lat' dir='ltr'>brumarum.</span> 
     </span>
     <span class='ocr_line' id='line_1_26' title="bbox 485 3778 1640 3877; baseline -0.003 -33"><span class='ocrx_word' id='word_1_201' title='bbox 485 3789 580 3844; x_wconf 82' lang='lat' dir='ltr'>tamea</span> <span class='ocrx_word' id='word_1_202' title='bbox 606 3778 723 3843; x_wconf 90' lang='lat' dir='ltr'>retinui</span> <span class='ocrx_word' id='word_1_203' title='bbox 755 3800 797 3843; x_wconf 84' lang='lat' dir='ltr'>ex</span> <span class='ocrx_word' id='word_1_204' title='bbox 824 3779 978 3865; x_wconf 86' lang='lat' dir='ltr'>Apuleio,</span> <span class='ocrx_word' id='word_1_205' title='bbox 1008 3779 1093 3865; x_wconf 91' lang='lat' dir='ltr'>quod</span> <span class='ocrx_word' id='word_1_206' title='bbox 1123 3800 1194 3845; x_wconf 89' lang='lat' dir='ltr'>cum</span> <span class='ocrx_word' id='word_1_207' title='bbox 1221 3802 1249 3845; x_wconf 88' lang='lat' dir='ltr'>v.</span> <span class='ocrx_word' id='word_1_208' title='bbox 1276 3782 1468 3853; x_wconf 63' lang='lat' dir='ltr'>obsumus</span> <span class='ocrx_word' id='word_1_209' title='bbox 1494 3778 1580 3849; x_wconf 84' lang='lat' dir='ltr'>otiam</span> <span class='ocrx_word' id='word_1_210' title='bbox 1639 3788 1640 3877; x_wconf 95' lang='grc'>1</span> 
     </span>
     <span class='ocr_line' id='line_1_27' title="bbox 483 3886 1640 3983; baseline -0.004 -22"><span class='ocrx_word' id='word_1_211' title='bbox 483 3895 587 3962; x_wconf 89' lang='lat' dir='ltr'>XVII.</span> <span class='ocrx_word' id='word_1_212' title='bbox 611 3896 672 3963; x_wconf 84' lang='grc'>118</span> <span class='ocrx_word' id='word_1_213' title='bbox 693 3896 906 3983; x_wconf 82' lang='lat' dir='ltr'>coniungitur,</span> <span class='ocrx_word' id='word_1_214' title='bbox 923 3902 1096 3963; x_wconf 68' lang='lat' dir='ltr'>existimant</span> <span class='ocrx_word' id='word_1_215' title='bbox 1116 3918 1133 3962; x_wconf 87' lang='lat' dir='ltr'>e</span> <span class='ocrx_word' id='word_1_216' title='bbox 1155 3896 1340 3964; x_wconf 88' lang='lat' dir='ltr'>melioribus</span> <span class='ocrx_word' id='word_1_217' title='bbox 1360 3894 1580 3981; x_wconf 73' lang='lat' dir='ltr'>coddrenepi,</span> <span class='ocrx_word' id='word_1_218' title='bbox 1639 3886 1640 3981; x_wconf 95' lang='grc'>1</span> 
     </span>
     <span class='ocr_line' id='line_1_28' title="bbox 283 4000 1580 4102; baseline 0.005 -26"><span class='ocrx_word' id='word_1_219' title='bbox 283 4002 286 4012; x_wconf 74' lang='grc'><strong>’</strong></span> <span class='ocrx_word' id='word_1_220' title='bbox 376 4086 379 4092; x_wconf 50' lang='grc'><em>,</em></span> <span class='ocrx_word' id='word_1_221' title='bbox 437 4000 454 4009; x_wconf 65' lang='grc'><strong>’</strong></span> <span class='ocrx_word' id='word_1_222' title='bbox 485 4034 558 4078; x_wconf 90' lang='lat' dir='ltr'>cum</span> <span class='ocrx_word' id='word_1_223' title='bbox 582 4014 819 4100; x_wconf 78' lang='lat' dir='ltr'>praepositione</span> <span class='ocrx_word' id='word_1_224' title='bbox 839 4009 870 4078; x_wconf 83' lang='lat' dir='ltr'>tis</span> <span class='ocrx_word' id='word_1_225' title='bbox 884 4014 998 4083; x_wconf 81' lang='lat' dir='ltr'>,eodem</span> <span class='ocrx_word' id='word_1_226' title='bbox 1014 4014 1110 4079; x_wconf 91' lang='lat' dir='ltr'>modo</span> <span class='ocrx_word' id='word_1_227' title='bbox 1131 4015 1283 4098; x_wconf 81' lang='lat' dir='ltr'>iunctam,</span> <span class='ocrx_word' id='word_1_228' title='bbox 1305 4013 1492 4102; x_wconf 75' lang='lat' dir='ltr'>quoX.13ii</span> <span class='ocrx_word' id='word_1_229' title='bbox 1510 4011 1580 4097; x_wconf 70' lang='lat' dir='ltr'>Iegi-</span> 
     </span>
     <span class='ocr_line' id='line_1_29' title="bbox 486 4132 1580 4213; baseline -0.001 -19"><span class='ocrx_word' id='word_1_230' title='bbox 486 4137 537 4194; x_wconf 91' lang='lat' dir='ltr'>tnr</span> <span class='ocrx_word' id='word_1_231' title='bbox 559 4132 769 4213; x_wconf 79' lang='lat' dir='ltr'>,existimatus</span> <span class='ocrx_word' id='word_1_232' title='bbox 791 4132 873 4200; x_wconf 87' lang='lat' dir='ltr'>inter</span> <span class='ocrx_word' id='word_1_233' title='bbox 894 4134 1102 4201; x_wconf 76' lang='lat' dir='ltr'>rarasevea‘</span> <span class='ocrx_word' id='word_1_234' title='bbox 1126 4132 1224 4198; x_wconf 79' lang='lat' dir='ltr'>Cuius</span> <span class='ocrx_word' id='word_1_235' title='bbox 1248 4152 1325 4195; x_wconf 81' lang='lat' dir='ltr'>usna</span> <span class='ocrx_word' id='word_1_236' title='bbox 1347 4132 1464 4197; x_wconf 84' lang='lat' dir='ltr'>similia</span> <span class='ocrx_word' id='word_1_237' title='bbox 1483 4148 1580 4196; x_wconf 85' lang='lat' dir='ltr'>exem·</span> 
     </span>
     <span class='ocr_line' id='line_1_30' title="bbox 485 4247 1640 4357; baseline 0.004 -45"><span class='ocrx_word' id='word_1_238' title='bbox 485 4247 541 4332; x_wconf 87' lang='lat' dir='ltr'>pla</span> <span class='ocrx_word' id='word_1_239' title='bbox 561 4268 581 4311; x_wconf 88' lang='lat' dir='ltr'>a</span> <span class='ocrx_word' id='word_1_240' title='bbox 603 4247 822 4335; x_wconf 81' lang='lat' dir='ltr'>Graabcrgero</span> <span class='ocrx_word' id='word_1_241' title='bbox 843 4270 873 4335; x_wconf 89' lang='lat' dir='ltr'>p.</span> <span class='ocrx_word' id='word_1_242' title='bbox 888 4249 929 4315; x_wconf 85' lang='lat'>12</span> <span class='ocrx_word' id='word_1_243' title='bbox 950 4249 1085 4313; x_wconf 87' lang='lat' dir='ltr'>collecta</span> <span class='ocrx_word' id='word_1_244' title='bbox 1105 4248 1258 4315; x_wconf 88' lang='lat' dir='ltr'>invenies.</span> <span class='ocrx_word' id='word_1_245' title='bbox 1639 4284 1640 4357; x_wconf 79' lang='grc'><strong>1</strong></span> 
     </span>
    </p>
   </div>
   <div class='ocr_carea' id='block_1_3' title="bbox 403 4430 1640 4779">
    <p class='ocr_par' dir='ltr' id='par_1_6' title="bbox 403 4430 1640 4779">
     <span class='ocr_line' id='line_1_31' title="bbox 403 4430 1640 4545; baseline -0.005 -35"><span class='ocrx_word' id='word_1_246' title='bbox 403 4475 466 4545; x_wconf 70' lang='lat'>393</span> <span class='ocrx_word' id='word_1_247' title='bbox 652 4434 868 4521; x_wconf 61' lang='lat' dir='ltr'>suntet.</span> <span class='ocrx_word' id='word_1_248' title='bbox 898 4430 968 4525; x_wconf 78' lang='lat' dir='ltr'>(de</span> <span class='ocrx_word' id='word_1_249' title='bbox 994 4430 1167 4531; x_wconf 85' lang='lat' dir='ltr'>raphanis</span> <span class='ocrx_word' id='word_1_250' title='bbox 1193 4452 1315 4509; x_wconf 84' lang='lat' dir='ltr'>sermo</span> <span class='ocrx_word' id='word_1_251' title='bbox 1337 4436 1421 4525; x_wconf 82' lang='lat' dir='ltr'>est)</span> <span class='ocrx_word' id='word_1_252' title='bbox 1639 4526 1640 4541; x_wconf 67' lang='lat'>.</span> 
     </span>
     <span class='ocr_line' id='line_1_32' title="bbox 534 4570 1640 4695; baseline -0.008 -46"><span class='ocrx_word' id='word_1_253' title='bbox 534 4571 743 4653; x_wconf 69' lang='lat' dir='ltr'>namnum</span> <span class='ocrx_word' id='word_1_254' title='bbox 765 4594 881 4649; x_wconf 89' lang='lat' dir='ltr'>unum</span> <span class='ocrx_word' id='word_1_255' title='bbox 917 4570 1089 4695; x_wconf 66' lang='lat' dir='ltr'>silvestre</span> <span class='ocrx_word' id='word_1_256' title='bbox 1115 4572 1248 4651; x_wconf 65' lang='lat' dir='ltr'>&amp;raeci</span> <span class='ocrx_word' id='word_1_257' title='bbox 1274 4574 1406 4673; x_wconf 80' lang='lat' dir='ltr'>agrion</span> <span class='ocrx_word' id='word_1_258' title='bbox 1445 4572 1578 4655; x_wconf 84' lang='lat' dir='ltr'>vocent,</span> <span class='ocrx_word' id='word_1_259' title='bbox 1639 4580 1640 4585; x_wconf 67' lang='lat'>‘</span> 
     </span>
     <span class='ocr_line' id='line_1_33' title="bbox 540 4701 607 4779; baseline 0 0"><span class='ocrx_word' id='word_1_260' title='bbox 540 4701 607 4779; x_wconf 88' lang='lat' dir='ltr'>rel.</span> 
     </span>
    </p>
   </div>
   <div class='ocr_carea' id='block_1_4' title="bbox 0 0 1868 5625">
    <p class='ocr_par' dir='ltr' id='par_1_7' title="bbox 0 0 1868 5625">
     <span class='ocr_line' id='line_1_34' title="bbox 0 0 1868 5625; baseline 0 0"><span class='ocrx_word' id='word_1_261' title='bbox 0 0 1868 5625; x_wconf 95' lang='lat' dir='ltr'> </span> 
     </span>
    </p>
   </div>
  </div>
 </body>
</html>
