3700 5625
368 2159 459 2233 Quod
482 2160 625 2224 laborem
641 2167 716 2225 ante
737 2157 797 2224 hos
820 2159 931 2225 deoem
954 2179 1054 2228 annos
1067 2159 1282 2226 intermissum
1303 2182 1389 2228 nuno

294 2275 415 2341 demum
441 2255 589 2360 resumo,
622 2285 793 2364 propterea
818 2279 957 2343 maxime
986 2277 1106 2342 laetum
1134 2285 1200 2362 est,
1226 2259 1385 2366 [quoniam

292 2393 441 2478 editionis,
464 2416 559 2481 quam
576 2394 813 2461 aLudovioo
835 2395 945 2475 Iano,
967 2397 1034 2460 viro
1049 2395 1232 2462 doctissimo
1247 2397 1387 2485 mihique

292 2511 494 2596 amieisaimo,
517 2513 625 2598 parari
647 2533 874 2598 cognoveram,
896 2534 1100 2600 progressum
1129 2515 1313 2600 exitumque
1334 2536 1388 2580 ex-

212 2616 213 2649 ³
293 2637 429 2714 spectare
457 2637 644 2695 statueram.
695 2618 792 2716 Spem
820 2633 904 2696 enim
935 2613 1143 2716 conceperam
1169 2632 1389 2715 laetissimam,

212 2748 213 2803 ἔ
291 2745 354 2813 lore
385 2755 420 2813 ut
450 2748 678 2837 multlSilligii
706 2767 829 2813 errores
858 2750 968 2815 avire
996 2751 1221 2836 sagacissimo,
1261 2752 1389 2815 criticae
1505 2767 1508 2778 ·

212 2843 213 2920 J
293 2867 363 2931 artis
389 2868 505 2953 perito,
541 2867 583 2931 de
610 2868 705 2931 Plinii
740 2868 878 2931 naturali
915 2867 1052 2931 tristoria
1080 2870 1244 2954 praeelare
1273 2871 1387 2935 merito

212 2993 213 3032 ἑ
292 2984 477 3051 tollerentur.
520 2985 634 3069 Neque
655 2984 736 3048 liaeo
759 3004 906 3069 spasmo
927 2984 1049 3051 lelellit.
1084 2985 1287 3072 Quamquam
1303 2988 1387 3051 enlm

289 3099 443 3166 interdum
484 3110 541 3172 aut
578 3102 701 3187 Silligio
750 3102 857 3187 potius
901 3109 957 3165 ant
1004 3103 1141 3187 vulgatis
1184 3113 1259 3169 aute
1312 3121 1387 3167 eum

293 3220 519 3305 exemplaribus
544 3220 718 3302 assentior,
749 3220 912 3304 aliquanto
940 3226 1047 3283 tamen
1069 3220 1212 3305 pluribus
1234 3220 1312 3284 loeis
1335 3240 1386 3284 aa·

211 3357 213 3370 ⁴
293 3334 417 3400 luterem
443 3346 574 3401 manum
602 3336 644 3400 ab
666 3335 749 3400 Jano
779 3337 910 3400 allatam
947 3356 1018 3401 esse
1040 3356 1159 3423 magua
1189 3358 1261 3402 oum
1291 3338 1388 3401 animi

212 3435 213 3466 r
292 3452 444 3536 voluptate
465 3435 619 3518 intellexi.
653 3454 704 3518 De
723 3454 886 3517 honnullis
909 3460 1015 3517 autem
1038 3454 1107 3538 ipse
1128 3454 1204 3541 quid
1226 3455 1387 3535 sentirem,

212 3579 213 3620 l
293 3566 322 3631 in
345 3570 597 3636 ehrestomatlria
623 3572 773 3635 Pliniana
805 3592 891 3634 anno
917 3568 1169 3637 MDOOOLVII.
1211 3573 1298 3635 edita
1339 3573 1386 3634 in·

212 3677 213 3740 ss
291 3683 392 3753 meaa.
416 3692 544 3754 Interea
555 3689 617 3752 hoo
630 3708 755 3775 quoque
771 3688 887 3751 aooidit
907 3689 1142 3773 percommode,
1164 3697 1200 3753 ut
1224 3696 1257 3753 et
1266 3691 1386 3753 ·Graa-

295 3801 480 3891 hargerus
503 3827 530 3873 a.
553 3805 776 3872 MDOCOLX.
789 3827 883 3869 usum
897 3805 1080 3869 Plinianum
1094 3827 1218 3879 summa
1232 3806 1390 3871 industria

293 3919 439 3989 illustrare
463 3922 692 4009 aggrederetur
715 3932 748 3991 et
765 3904 1050 3997 Detlelsenius
1072 3945 1102 3987 v.
1131 3921 1158 3986 d.
1192 3924 1225 3987 in
1248 3924 1388 4009 eleganti

226 4091 229 4099 ,
295 4048 378 4122 quem
400 4064 511 4111 museo
533 4028 691 4127 Rhenano
713 4064 733 4107 a
754 4038 974 4111 MDOOOLX.
1002 4040 1135 4110 mseruit
1163 4040 1388 4107 dissertatione

211 4161 213 4224 i
295 4154 327 4220 de
347 4160 490 4224 oodioum
512 4159 821 4245 manuscriptorum
850 4159 1041 4223 auctoritate
1068 4165 1217 4233 aeoqrate
1245 4166 1278 4227 et
1299 4160 1387 4234 luau-
1419 4217 1421 4221 .

212 4349 213 4354 ἵ
294 4270 384 4349 lenter
403 4278 590 4372 disputaret,
611 4277 771 4347 Felsina
793 4277 826 4343 in
848 4274 1117 4342 commentatione
1136 4275 1388 4369 laboriosissima

295 4409 318 4453 a.
337 4392 569 4460 MDOOOLXI.
600 4393 640 4458 de
670 4394 816 4458 oodioum
850 4392 943 4475 fatis,
976 4393 1038 4457 fide
1066 4401 1162 4480 atque
1197 4395 1386 4464 auctoritate

212 4493 213 4496 ¹
296 4509 426 4575 sollerter
448 4518 481 4575 et
512 4510 681 4595 diligenter
709 4518 834 4597 ageret,
867 4530 946 4595 quos
975 4494 1164 4594 nuperrima
1185 4511 1285 4575 secuti
1314 4518 1388 4577 sunt

211 4669 213 4682 r
297 4621 498 4691 lliolrelius
518 4630 554 4691 'in
577 4628 672 4692 docta
693 4628 918 4692 dissertatione
941 4627 980 4689 de
1005 4628 1115 4691 codiee
1132 4628 1387 4721 Luoiliburgenei

298 4742 400 4824 scripta
435 4766 532 4831 quam
559 4746 592 4808 in
620 4746 875 4831 ephemeridibus
909 4766 929 4809 a
956 4766 1007 4809 me
1042 4744 1135 4809 editis
1167 4746 1250 4831 (Eos
1272 4744 1318 4815 1¹11
1344 4748 1384 4828 3')

784 4858 802 4871 ,
1059 4859 1069 4867 .
1109 4866 1152 4926 1*
