3700 5625
449 734 512 803 198
569 800 578 820 ,
869 742 959 813 liber
981 748 1122 811 XXXII.

448 940 579 1005 natione
591 940 711 1026 passivi
727 940 854 1008 abiecta
873 945 908 1009 in
928 950 1094 1011 minuunt
1116 942 1210 1009 icelle
1232 942 1440 1025 corriguntur.
1459 936 1547 1013 Quod

448 1060 640 1127 vocabulum
666 1062 953 1129 inllamffltionum
983 1065 1146 1151 proprium
1169 1082 1267 1148 supra
1287 1058 1390 1125 XXV.
1413 1058 1455 1124 88
1477 1077 1546 1139 ‚non

448 1182 482 1244 iu
502 1180 575 1268 ipsa
594 1180 846 1246 inflammatione
870 1182 929 1247 sed
950 1182 1128 1249 imminuta‘
1150 1185 1329 1268 usurpatur.
1372 1200 1548 1264 τραυματι-

448 1300 504 1377 nte
537 1303 574 1366 τέ
605 1294 693 1379 ἔστι,
733 1300 940 1367 Dioscorides
977 1300 1081 1384 inquit
1111 1299 1150 1365 V.
1190 1300 1266 1373 137,
1303 1302 1360 1363 aar
1391 1294 1549 1382 οἰδήματα

450 1421 587 1489 στέλλει.

870 1636 992 1714 blllllll
1013 1636 1133 1715 fflll.

531 1818 774 1905 Expeditionem
794 1822 878 1886 viam
899 1822 1107 1909 ingredimur.
1140 1821 1270 1887 Librum
1293 1821 1379 1887 enim
1400 1818 1551 1883 Bember-

450 1961 594 2027 gennem,
616 1958 711 2025 quem
726 1940 875 2005 manibus
889 1948 995 2025 teneo,
1018 1948 1066 2006 tot
1079 1942 1241 2027 tantisque
1257 1941 1427 2006 virtutibus
1440 1941 1552 2006 ceteris

450 2059 592 2124 eminere
624 2057 695 2143 quis
726 2058 845 2141 nescit,
878 2067 913 2124 ut
933 2060 1120 2146 plerumque
1151 2059 1265 2141 solus,-
1288 2060 1449 2124 interdum
1483 2082 1552 2124 cnm

451 2175 733 2263 optimis.alterius
760 2175 901 2242 familiae
922 2177 1086 2242 codicibus
1116 2178 1293 2242 orationem
1314 2177 1407 2241 Plinii
1430 2199 1552 2263 germa-

451 2314 526 2358 nam
546 2293 826 2379 incorruptamque
847 2296 1011 2379 praestet?
1053 2294 1156 2371 Quem
1179 2296 1358 2361 accuratius
1382 2317 1479 2380 quam
1500 2317 1553 2360 ne·

452 2411 519 2475 acio
541 2431 604 2497 quo
626 2416 722 2497 pacto
742 2412 777 2477 in
797 2412 919 2479 maiore
941 2413 1055 2499 Silligii
1077 2413 1217 2479 editione
1244 2412 1364 2480 factum
1386 2422 1437 2479 est
1458 2415 1553 2479 eolla·

450 2534 519 2593 tum
540 2528 622 2593 sieut
642 2528 800 2614 inprimis
822 2530 910 2596 libris
932 2530 1074 2597 codicem
1096 2535 1142 2613 A,
1171 2553 1230 2597 nos
1251 2533 1297 2596 ita
1319 2538 1482 2597 auctorem
1503 2553 1552 2596 sc·

391 2706 395 2713 ,
450 2666 604 2732 quemur,
640 2651 677 2711 ut
697 2646 830 2713 alteram
859 2656 994 2731 sectam,
1029 2650 1083 2714 ubi
1114 2650 1179 2716 suis
1200 2637 1454 2735 Bambergensis
1475 2650 1554 2715 liber

449 2763 535 2830 vitiis
568 2762 696 2829 laborat
734 2767 855 2851 (neque
880 2766 915 2832 id
936 2787 1008 2833 raro
1041 2768 1174 2850 accidit)
1202 2770 1238 2833 in
1269 2767 1422 2833 auxilium
1456 2768 1552 2834 advo-

450 2902 569 2948 cemus
718 2922 722 2929 ·

368 3009 430 3081 705
914 2974 959 3090 18
985 3013 1026 3044 =
1055 2973 1124 3061 1,4.

498 3099 588 3176 lube
614 3142 660 3154 —
687 3101 798 3177 tradit
823 3144 866 3156 -
896 3109 1001 3179 cetos
1026 3145 1073 3158 -·
1098 3103 1136 3178 in
1161 3101 1297 3179 flumen
1313 3102 1475 3180 Arabiae
1500 3102 1552 3178 in·
1656 3185 1657 3188 a

498 3237 618 3308 trasse
646 3231 711 3308 rel.
848 3326 853 3336 „

533 3363 631 3428 Haud
653 3363 750 3428 dubie
778 3371 810 3428 ic
828 3371 940 3444 (ironica
962 3371 1104 3430 Arabim
1121 3372 1248 3432 intrasse
1269 3364 1474 3430 scribendum
1496 3372 1552 3444 est,

451 3483 471 3546 i.
495 3503 522 3548 e.
544 3480 642 3569 ,apud
663 3481 827 3546 Gedrosos
847 3486 901 3568 qui
922 3483 1055 3547 Arabim
1078 3504 1203 3547 amnem
1227 3483 1383 3548 accolunt‘
1410 3482 1486 3562 (IX.
1505 3483 1552 3568 7).

451 3598 564 3665 iubam
592 3598 677 3663 enim
704 3607 831 3685 praeter
853 3601 1005 3665 Arabiam
1033 3601 1129 3664 etiam
1159 3621 1231 3665 eum
1265 3621 1392 3664 cursum
1414 3599 1550 3686 descrip-

453 3718 534 3782 sisse
556 3722 698 3799 oonstat,
720 3737 783 3802 quo
805 3736 846 3780 ex
868 3718 988 3782 Arabia
1009 3717 1144 3782 Patalen
1167 3718 1388 3803 navigabatur,
1411 3718 1451 3782 cf.
1469 3717 1551 3782 vind.

452 3835 477 3900 1.
500 3857 530 3921 p.
548 3836 596 3902 97.
617 3833 743 3899 Nomen
766 3841 873 3900 autem
895 3835 1033 3899 fluminis
1048 3836 1159 3901 vicinis
1175 3836 1338 3901 vocabulis
1361 3836 1412 3918 ,de
1425 3837 1553 3901 Arabia‘

453 3951 611 4038 eorrumpi
640 3949 789 4018 facillime
818 3955 930 4038 potuit.
976 3954 1003 4036 ς.
1026 3955 1064 4019 11
1084 3974 1160 4031 ¹curn
1191 3953 1261 4019 cod.
1284 3953 1320 4017 B.
1352 3975 1411 4018 ser.
1443 3974 1555 4036 repere,

451 4071 482 4156 ὃ.
504 4069 544 4137 13
566 4090 631 4134 non
653 4075 785 4134 arithiam
808 4070 865 4135 sed
886 4070 1001 4153 plurali
1023 4092 1155 4136 numero
1186 4092 1248 4156 que
1270 4072 1328 4135 IX.
1351 4072 1412 4138 182
1433 4071 1554 4136 Plinius

451 4208 529 4252 usus
552 4194 612 4271 est,
635 4193 754 4252 anthius
777 4190 893 4253 rectius
915 4190 979 4274 legi
1002 4189 1155 4254 librorum
1163 4189 1255 4254 MSS.
1269 4191 1385 4256 vitiosa
1399 4191 1555 4276 scriptura

454 4311 586 4390 (pilitus
607 4303 635 4368 Β
654 4311 799 4385 pbittesin
821 4305 905 4378 VR)
930 4305 1073 4370 efficitur.

717 4440 724 4450 '
758 4455 765 4466 ·
912 4430 1100 4513 15:26.

371 4463 434 4534 706
502 4552 657 4634 Trebius
684 4555 794 4656 Niger
820 4565 949 4633 auctor
976 4565 1032 4634 est
1058 4559 1207 4657 xiphian
1235 4559 1284 4666 [id
1310 4566 1367 4636 est
1379 4557 1553 4658 gladium]

505 4696 624 4768 rostro
652 4697 866 4766 mucronato
893 4679 996 4780 esse,
1034 4691 1080 4768 ab
1107 4690 1180 4768 hoc
1219 4715 1335 4768 naves
1369 4693 1554 4793 perfossas
