3700 5625
709 775 795 841 liter
818 773 908 840 rat.
1301 759 1363 839 116

337 972 453 1055 §.156
480 952 557 1035 curruv
580 971 630 1035 V²
659 943 773 1048 olfactu
801 971 1004 1036 scribendum
1033 977 1083 1035 est
1114 973 1260 1052 (olfactus
1281 972 1311 1037 R
1333 970 1363 1054 d,

263 1093 368 1162 olfacto
391 1088 476 1170 W),
504 1086 623 1152 ibidem
651 1094 877 1154 anhelatoribus
896 1108 969 1152 oum
991 1089 1156 1171 Pintian03
1186 1089 1226 1154 oi.
1254 1087 1363 1154 Dicae.

263 1205 372 1272 111.38.
397 1206 424 1288 ἓ.
440 1205 503 1272 166
523 1225 588 1280 non
610 1225 646 1269 eo
667 1205 753 1292 quod
774 1206 879 1270 fateor
898 1223 952 1268 me
971 1225 1036 1268 non
1051 1205 1230 1290 intelligere
1252 1205 1310 1269 sed
1332 1213 1362 1270 ta

263 1323 453 1407 scripserim,
489 1328 521 1386 ct
549 1321 711 1388 Gronovio
737 1329 871 1388 auctore
904 1327 1049 1400 quiddam
1077 1341 1095 1385 a
1123 1321 1286 1388 codicibus
1313 1343 1363 1387 ro·

205 1432 208 1444 '
261 1440 346 1525 cipio.
1263 1417 1268 1436 ’

661 1560 942 1647 179=31,105.

300 1689 596 1768 innocentissimi
622 1693 794 1766 auctores
820 1687 1036 1788 simpliciter
1065 1685 1268 1786 dorycnion
1296 1707 1361 1785 ap-

303 1821 493 1923 pellavere
515 1847 580 1916 -;
613 1844 687 1921 quo
713 1821 859 1921 parcius
883 1819 1168 1910 insectabantur,
1194 1819 1363 1896 manicon

303 1955 636 2056 cognominavere3
650 1953 713 2052 qui
729 1954 899 2052 nequiter
912 1949 1157 2043 occultabant
1172 1951 1360 2052 erythron.
1403 1995 1405 2003 ι

333 2087 477 2150 Primum
506 2105 577 2151 cum
599 2085 742 2150 Barbara
765 2093 818 2164 qui
838 2079 941 2170 lego,¹
957 2104 1030 2147 cum
1058 2084 1166 2147 nescio
1195 2104 1251 2148 our
1273 2082 1360 2147 codi-

260 2223 322 2266 cum
344 2204 518 2268 lectionem
537 2209 679 2286 porcius,
706 2203 757 2266 cui
779 2201 960 2267 Gronovius
991 2202 1153 2286 egregiam
1178 2201 1265 2265 verbi
1287 2201 1359 2286 pro*-

259 2320 328 2384 ximi
350 2319 610 2396 emendationem
631 2326 855 2410 insectabantur
877 2318 1145 2401 accommodavit,
1169 2320 1200 2384 S.
1223 2317 1248 2381 Ι.
1271 2300 1389 2403 apres

261 2438 363 2501 verint.
406 2437 450 2502 Et
473 2440 540 2503 Sili.
559 2437 688 2524 quidem
709 2437 931 2523 gradationem
960 2456 1043 2524 quae
1064 2435 1160 2500 Plinii
1183 2411 1287 2501 verbis
1311 2437 1358 2499 in·

260 2561 310 2636 est,
332 2556 462 2619 omnino
475 2575 538 2620 non
562 2554 812 2641 comprehendit,
834 2554 920 2640 quod
934 2563 1042 2619 autem
1064 2550 1162 2617 Ianus
1176 2559 1269 2618 acute
1284 2574 1358 2617 con·

259 2670 325 2736 iecit
335 2679 469 2753 opertus
475 2670 625 2759 quodque
632 2671 812 2758 corruptela
818 2672 1017 2758 pronominis
1032 2692 1091 2750 quo
1104 2672 1356 2753 commendatur,

259 2787 325 2854 ferri
337 2789 468 2877 quidem
482 2797 588 2877 potest
604 2790 663 2856 sed
681 2796 731 2856 est
751 2789 904 2856 librorum
915 2789 1007 2855 MSS.
1023 2790 1180 2876 scriptura
1194 2789 1355 2875 aliquanto

207 2913 210 2921 '
261 2906 398 2973 debilius.
443 2910 637 2974 Innocentes
659 2915 806 2974 suctores
829 2892 1014 2993 strychnum
1036 2909 1222 2997 simpliciter
1244 2907 1356 2993 doryc-

261 3024 328 3088 nion
349 3025 369 3089 i.
400 3046 429 3091 c.
458 3046 616 3092 venenum
645 3023 773 3112 aliquod
801 3026 980 3111 appellant,
1008 3026 1117 3111 itaque
1144 3025 1223 3089 nihil
1253 3024 1356 3091 occul-

261 3147 336 3224 tant,
359 3125 413 3228 qui
436 3142 587 3227 erythron
607 3149 762 3207 vocarunt
781 3146 889 3207 omnia
909 3144 1033 3227 celant3
1055 3143 1110 3235 qui
1131 3143 1279 3218 manicon
1300 3162 1355 3206 no-

261 3258 385 3343 minant,
396 3254 605 3325 'insectantur
617 3260 746 3347 quidem
759 3260 823 3325 vim
838 3262 965 3343 veneni,
988 3246 1046 3330 aad
1058 3282 1122 3328 uon
1137 3262 1215 3325 satis
1229 3260 1354 3342 acerbe,

262 3395 349 3459 quum
368 3377 527 3441 insaniam
548 3376 719 3461 fateantur,
740 3386 875 3443 mortem
897 3380 1022 3445 sileant.

336 3495 399 3559 Sed
420 3494 500 3559 haec
522 3494 646 3558 minora
667 3502 751 3578 sunt,
773 3497 901 3588 gravius
915 3503 1066 3583 corrupta
1085 3502 1142 3561 aut
1162 3495 1360 3583 interpolata,
1422 3484 1427 3494 Χ

263 3630 335 3694 quae
362 3613 508 3698 proxime
536 3620 726 3698 sequuntur:
762 3613 1022 3703 §.1801medici
1051 3614 1272 3698 vituperantur
1300 3613 1353 3699 qui

206 3713 207 3716 ¹
263 3747 348 3811 quum
370 3730 505 3794 alterum
524 3706 665 3814 strychni
686 3749 789 3814 genus
809 3728 1040 3814 halicacabum,
1062 3752 1124 3817 quo
1153 3730 1266 3798 dentes
1288 3730 1352 3794 col·

264 3845 422 3931 luerentur,
445 3848 718 3931 commendarent,

650 3986 938 4072 180=31,105.
1372 4020 1431 4087 471

305 4114 558 4215 exceptionem
578 4114 763 4192 addidere
789 4137 836 4191 ne
864 4116 1001 4193 diutius
1025 4116 1062 4191 id
1080 4116 1193 4207 fieret,
1220 4114 1352 4193 delira-

305 4247 437 4325 tionem
464 4246 561 4323 enim
600 4247 708 4347 gigni
732 4248 882 4342 eodem;
917 4250 1155 4325 monstranda
1188 4250 1352 4325 remedia

308 4400 454 4476 quorum
479 4378 663 4456 medicina
699 4380 848 4457 maioris
873 4380 958 4456 mali
984 4380 1186 4481 periculum
1213 4382 1349 4460 afferat.

317 4510 362 4576 Ita
383 4513 448 4578 Sill.
467 4533 486 4576 e
507 4511 584 4595 Td,
605 4511 759 4576 facillima
770 4513 946 4576 mutatione
969 4512 1092 4577 ecodd.
1105 4512 1172 4578 RV
1195 4513 1249 4599 qui
1262 4518 1350 4578 eode-

266 4636 443 4694 monstranda
465 4628 585 4694 habent
605 4628 661 4694 fiet
682 4631 735 4696 via
756 4628 796 4693 ab
819 4628 897 4694 Iano
920 4618 1112 4695 monstratai
1214 4632 1216 4641 ’
1260 4624 1263 4631 ’

300 4781 334 4792 -
353 4755 435 4827 cipri
456 4768 505 4831 eo,
528 4752 780 4812 demonstrando
800 4755 932 4813 remedio
954 4754 1017 4827 etc,

1119 4868 1140 4933 8

1382 1613 1445 1684 470
