3700 5625
501 550 581 618 -188
975 553 1075 622 cuer
1094 557 1172 623 XV.

437 759 501 826 246
947 743 994 820 71
1008 745 1189 840 :18,19·

569 919 617 956 -,
632 875 827 954 comitatur
843 903 924 953 cam
943 880 1414 983 (promhyritidemfieum)
1432 907 1454 958 e
1469 880 1610 957 minimis

568 1011 754 1090 vilissimis
779 1017 969 1116 popularis
997 1017 1107 1095 dicta.

600 1145 763 1233 Copulam
783 1159 815 1213 et
837 1171 857 1214 e
879 1152 976 1219 codd.
992 1152 1040 1217 ad
1063 1152 1340 1241 omisitSilligius,
1363 1177 1466 1242 quum
1481 1157 1524 1221 ad
1539 1169 1611 1222 stru-

515 1278 642 1331 cturam
664 1267 708 1332 sit
728 1269 937 1336 necessaria.
984 1268 1125 1336 Videtur
1143 1270 1176 1336 in
1198 1271 1385 1359 archetypo
1406 1267 1514 1340 luisse
1535 1274 1612 1338 nilis·

512 1385 645 1480 sirnisq3
664 1383 842 1472 popularia,
864 1397 897 1450 et
917 1385 1115 1470 legendum:

916 1503 1216 1600 vilissimisque.

434 1636 497 1700 247
940 1638 985 1714 81
1003 1675 1041 1708 =
1058 1641 1119 1735 19,
1134 1641 1196 1718 21.

564 1813 609 1827 —
637 1772 806 1872 quoniam
826 1783 959 1874 sponte
981 1785 1154 1851 arescunt
1176 1778 1248 1855 loci
1272 1777 1347 1854 situ
1362 1778 1541 1879 rimisque
1562 1803 1610 1852 aa·

563 1910 648 1985 dem
675 1936 769 2010 quaa
797 1911 954 1987 culicum
983 1937 1152 2012 operae
1179 1939 1316 1990 causa
1344 1915 1507 2017 perlicit.

594 2046 645 2110 lta
671 2046 816 2133 Silligius
853 2070 914 2132 pro
949 2050 1086 2134 vulgato
1117 2072 1214 2137 opero
1245 2071 1348 2116 serrsu
1382 2073 1484 2139 quem
1514 2071 1609 2138 neque

511 2164 586 2247 ipse
608 2163 793 2231 declaravit
820 2187 929 2253 neque
957 2188 1009 2231 me
1034 2166 1218 2253 intelligere
1247 2167 1365 2234 fateor.
1409 2171 1610 2256 Recipienda

511 2287 623 2369 petius
645 2297 718 2350 erat
738 2286 837 2352 lectio
860 2288 1012 2351 codicum
1033 2289 1105 2352 adr
1131 2310 1234 2376 opere.
1286 2288 1431 2354 Causam
1458 2291 1542 2353 enim
1562 2309 1609 2372 ga·

510 2402 643 2469 nitalem
666 2405 738 2470 sive
760 2405 826 2469 vim
847 2415 988 2470 naturae
1010 2405 1274 2489 procreatricem
1297 2416 1460 2491 utsupra
1483 2405 1568 2492 §.aa
1583 2416 1610 2468 at
1654 2401 1655 2462 l

510 2524 568 2589 lX
584 2523 617 2592 2.
639 2544 681 2588 eo
709 2523 783 2589 iere
811 2526 910 2588 modo
941 2538 1098 2610 usurpat,
1128 2545 1195 2610 quo
1225 2523 1415 2610 philosophi
1441 2525 1549 2592 nostri
1575 2524 1607 2586 da

509 2641 683 2727 principiis
696 2641 884 2726 loquuntur.
914 2642 1010 2716 Quae
1024 2662 1128 2707 causa
1149 2652 1265 2710 nostro
1287 2642 1364 2710 loco
1384 2639 1480 2710 'rimis
1503 2644 1607 2710 eadem

508 2760 542 2828 in
563 2760 629 2827 ficu
652 2759 783 2847 perlicit
803 2781 889 2846 quoae
913 2759 1055 2825 culicum
1078 2781 1184 2846 opere
1207 2760 1371 2848 perlicere
1393 2763 1495 2829 solet.
1654 2743 1655 2760 ¹

429 2916 493 2984 248
932 2895 1197 2972 82=ibidem

560 3082 604 3096 —
631 3037 747 3113 siccat
770 3039 901 3131 honos,
923 3036 1090 3111 laudatas
1116 3045 1240 3113 servat
1264 3035 1302 3111 in
1325 3036 1464 3135 capsis,
1490 3036 1606 3114 Ebuso

557 3176 701 3253 insulae
732 3174 1064 3276 praestantissimas
1087 3181 1149 3247 rel.

590 3310 846 3395 Distinguuntnr
869 3328 931 3373 eae
958 3306 1041 3373 licus
1069 3326 1156 3391 quae
1185 3318 1323 3393 propter
1352 3309 1533 3376 honitatem
1554 3307 1604 3373 eli·

505 3441 628 3517 guntur
652 3430 741 3495 etin
764 3430 879 3513 capsis
902 3438 1096 3505 servantur,
1125 3428 1168 3493 ab
1196 3428 1237 3494 iis
1258 3447 1345 3513 quaa
1367 3430 1468 3513 eopia
1490 3440 1604 3495 tantum

504 3551 654 3636 insignes
676 3570 777 3617 orcas
800 3550 971 3633 cadosque
993 3548 1138 3632 implent.
1187 3546 1238 3614 De
1256 3550 1370 3633 priore
1392 3568 1520 3633 genere
1540 3544 1601 3616 h.l.
1653 3588 1654 3645 3

504 3691 616 3738 sermo
637 3680 706 3753 est,
732 3670 819 3755 quod
845 3668 956 3735 honos
982 3669 1116 3735 siccare
1142 3669 1271 3735 dicitur.
1315 3668 1499 3737 Viliorihus
1526 3669 1602 3736 anim
1653 3650 1654 3671 ¹

502 3791 614 3858 honos
636 3797 729 3855 certe
750 3787 847 3853 tribui
869 3786 991 3873 nequit
1034 3786 1189 3872 Apparet
1210 3786 1309 3871 igitur
1322 3786 1416 3855 Plinii
1435 3792 1541 3857 verba
1559 3786 1602 3853 sic

503 3907 769 3997 interpungenda
790 3925 884 3970 esse:

743 4023 843 4092 meat
863 4018 1152 4099 honestandam,
1173 4030 1284 4087 serant
1308 4020 1369 4092 rel.

422 4174 487 4240 249
587 4159 744 4227 Similiter

934 4237 1183 4333 m=mm.

551 4379 723 4481 Mespilis
750 4379 821 4455 tria
847 4404 1004 4481 genera,
1038 4376 1241 4472 anthedon,
1269 4377 1428 4472 senna,
1461 4376 1598 4455 tertium

552 4517 775 4617 degenerat3
801 4511 1001 4593 anthedoni
1026 4522 1148 4591 tamen
1174 4510 1341 4610 similius,
1367 4513 1467 4614 quon
1494 4507 1598 4592 Galli·

552 4678 637 4730 cum
661 4661 805 4730 vocant
