3700 5625
714 768 805 831 Liber
820 770 924 831 XVII.

704 1001 749 1092 31
778 1031 816 1066 =
843 1001 877 1088 4,
904 1001 939 1075 3.
993 1083 1001 1102 .
1392 1011 1455 1078 304

349 1127 470 1194 Contra
483 1129 512 1212 ξ.
534 1128 576 1196 30
595 1130 743 1194 lacunam
766 1149 785 1193 a
804 1129 954 1194 Pintiano
967 1127 1143 1192 rectissimo
1155 1129 1252 1192 statui
1266 1127 1371 1192 Theo·

273 1245 386 1330 phrasti
404 1247 478 1311 looo
501 1267 594 1311 oaus-
609 1246 711 1331 plant.
730 1244 771 1314 V.
785 1249 835 1313 14.
857 1247 877 1314 3
899 1247 1063 1312 evincitur.
1106 1243 1168 1319 Qui
1196 1266 1267 1309 oum
1290 1246 1371 1310 vites

273 1385 364 1451 prope
384 1363 532 1428 Larisam
553 1365 618 1428 iam
640 1361 758 1449 frigore
783 1363 885 1446 aduri,
909 1365 1035 1429 Aenum
1058 1368 1165 1428 autem
1188 1362 1370 1428 calidiorem

272 1481 382 1546 laetam
403 1501 476 1547 esso
498 1483 689 1566 narraverit,
704 1487 851 1568 'apparet
878 1479 978 1545 verba
998 1488 1085 1546 recte
1113 1503 1133 1545 a
1153 1481 1301 1546 Pintiano
1324 1481 1371 1546 di·

272 1600 390 1686 stingui.
433 1599 552 1665 Totum
592 1598 689 1684 igitur
720 1588 825 1664 locum
854 1599 900 1663 ita
927 1599 1186 1664 constituendum
1215 1618 1288 1662 esse
1321 1620 1370 1662 ar-

273 1734 382 1828 bitror:
426 1720 466 1791 Ia
482 1720 655 1793 lberam
680 1719 942 1792 obcoLortsom
967 1723 1085 1792 ambro
1113 1721 1190 1791 lucu
1213 1721 1371 1816 tripidior
1531 1777 1539 1794 .

269 1856 360 1946 {celo
383 1879 427 1928 ea
452 1859 546 1948 rapto
572 1862 622 1928 eal
647 1855 810 1950 oleaeque
832 1856 1001 1926 desierunt
1018 1875 1105 1949 qaae
1113 1857 1210 1960 prius
1222 1855 1369 1948 sumum,

271 1992 338 2063 ihm
361 1993 446 2062 ates
471 1989 590 2077 adum,
616 1989 707 2082 quod
729 2011 798 2060 coa
820 1994 956 2080 anuo„
983 1995 1231 2082 coeperant,
1259 2010 1369 2059 con·
1405 1962 1410 1972 ³
1519 1985 1521 1988 ’

271 2129 331 2193 tra
368 2123 552 2194 colorem
585 2123 737 2215 rupert
767 2121 885 2192 Aeaea
928 2123 1031 2192 sensit
1075 2121 1209 2194 adana
1255 2121 1369 2194 Hebro

272 2251 332 2332 rel.
358 2251 511 2358 Scilicet
537 2275 632 2329 unus
656 2273 789 2329 versus
814 2251 850 2327 in
877 2250 1081 2352 archetypo
1109 2253 1307 2332 exciderat.
1420 2347 1423 2358 Ι

344 2385 484 2450 Facilius
505 2385 668 2470 proximus
691 2386 779 2449 locus
801 2381 1005 2449 emendatur:
1388 2415 1450 2483 305

316 2521 364 2595 At
388 2521 425 2596 in
456 2517 691 2619 Syracusano
718 2541 809 2618 agro
842 2518 989 2595 advena
1023 2518 1142 2597 cultor
1182 2521 1366 2622 elapidato

314 2652 391 2731 solo
419 2652 580 2754 perdidit
606 2651 733 2750 fruges
759 2651 854 2742 luto,
882 2651 1004 2742 donec
1024 2648 1182 2752 regessit
1199 2653 1354 2755 lapides,

236 2775 240 2779 ⁵
344 2785 512 2851 Pintianus
538 2785 590 2858 hio
613 2804 739 2872 quoque
770 2783 881 2851 vitium
903 2783 1041 2866 detexit,
1073 2764 1232 2851 medendo
1254 2788 1366 2875 impar.

270 2898 459 2988 ἔξωτὴγνυτο
491 2909 573 2988 γοῦν
608 2898 626 2970 ὃ
661 2910 749 2979 σῖτος
786 2900 832 2966 ait
858 2900 1098 2986 Theophrastus
1128 2904 1220 2981 Plinii
1256 2914 1367 2973 auctor

270 3040 347 3087 cans.
368 3022 468 3108 plant.
487 3020 554 3085 ΠΙ..
568 3021 616 3088 20.
639 3004 671 3088 bs
690 3023 802 3107 Itaque
823 3000 888 3083 noh
910 3016 1081 3084 delendum
1104 3028 1154 3086 est
1176 3024 1365 3090 vocabulum

269 3144 322 3202 luto
356 3160 428 3204 curn
457 3138 625 3221 Pintiano,
663 3137 720 3203 sed
754 3136 987 3234 corrigendum.
1036 3140 1072 3203 In
1100 3139 1273 3226 archetypo
1294 3120 1366 3209 ¹una

270 3256 382 3342 syllaba
415 3263 541 3321 tantum
569 3256 737 3342 legebatur
764 3261 811 3337 lu,
844 3254 929 3317 male
962 3254 1129 3320 alibrario
1166 3277 1185 3321 e
1219 3262 1364 3343 proxinro

270 3375 412 3440 vocabulo
439 3376 473 3439 in
494 3380 555 3439 luto
590 3380 723 3438 mutata.
766 3370 976 3438 Scribendum
999 3380 1049 3439 est
1068 3381 1155 3458 palu,
1191 3380 1291 3443 dooec'
1308 3381 1364 3444 rel.

271 3493 295 3574 ξ.
314 3494 353 3562 32
372 3515 430 3579 pro
449 3498 581 3558 utamur
602 3490 695 3558 codd.
717 3490 745 3555 Τ
766 3490 788 3555 d
808 3489 929 3556 habent
951 3496 1097 3576 dicemus,
1129 3494 1214 3583 quod
1237 3503 1364 3561 senten·

269 3610 307 3713 tia
324 3612 504 3697 requiritur.

689 3800 730 3871 41
826 3803 861 3887 5,
888 3801 924 3878 3.
970 3832 972 3835 ·
1379 3816 1445 3885 306

312 3900 441 4006 Contra
479 3929 516 4004 in
541 3928 702 4027 Byzacio
731 3929 880 4007 Africae
919 3928 1020 4006 illum
1064 3936 1220 4010 centena
1258 3932 1364 4037 quin·
1401 3932 1402 3937 ‘
1554 3920 1565 3941 '

311 4082 480 4161 quagena
498 4061 604 4161 fruge
623 4061 780 4139 fertilem
800 4086 969 4162 campum
990 4061 1110 4155 nullis,
1138 4086 1221 4139 cum
1239 4066 1361 4144 siccus

203 4288 204 4301 .
311 4204 383 4286 est,
421 4194 597 4273 arabilem
622 4196 737 4272 tauris
763 4202 849 4297 post
873 4196 1010 4283 imbres
1043 4196 1107 4273 vili
1134 4196 1250 4275 asello
1278 4208 1361 4277 eta

311 4335 408 4423 parte
436 4326 552 4409 altera
583 4327 663 4427 iugi
686 4352 759 4406 anu
787 4350 974 4407 vomerem
1007 4329 1175 4415 trahente
1202 4331 1360 4417 vidimus
1392 4426 1395 4431 ¹

311 4458 434 4537 scindi.

341 4590 511 4678 vulgatam
540 4592 729 4676 scripturam
761 4592 908 4657 omnibus
930 4591 1091 4658 codicibus
1124 4574 1358 4684 refragautibas
1400 4622 1407 4637 ·

273 4703 396 4793 Silliglus
417 4710 566 4792 retinuit,
588 4709 688 4780 Ianus
708 4716 843 4775 eatenus
863 4712 999 4776 mutavit
1019 4718 1055 4782 ot
1077 4719 1172 4795 intuor·
1188 4718 1359 4817 scriberat3
