3700 5625
704 746 792 822 Liber
812 746 938 810 XXIX.
1316 742 1376 815 175

276 940 378 1010 lictant
405 960 478 1007 esse
499 941 606 1023 miror,
627 938 669 1005 cf.
689 938 845 1008 XXVIII.
867 940 938 1008 153.
961 940 989 1023 β.
1010 939 1052 1010 68
1074 938 1140 1007 VR
1160 943 1305 1023 referret,
1328 961 1376 1005 re-

274 1062 347 1134 seret
368 1064 457 1124 recte
479 1058 690 1126 Gronovius..
1180 1126 1181 1133 ,

718 1179 766 1251 ts
781 1204 814 1235 =
828 1179 924 1265 433.
1040 1280 1044 1285 Δ
1398 1166 1461 1237 640

326 1307 480 1402 (Cetera
497 1315 700 1399 venenata)
729 1307 850 1406 perire
875 1308 1103 1385 conscientia
1120 1308 1294 1386 dicuntur
1310 1310 1379 1387 loo-

320 1431 420 1517 mine
446 1462 626 1539 percusso
665 1462 787 1538 neque
814 1441 970 1541 amplius
998 1440 1139 1518 admitti
1177 1442 1226 1517 ad
1251 1449 1378 1531 terras,

322 1572 556 1649 salamandra
581 1571 647 1648 rel.

356 1705 517 1769 Pluralem
545 1724 712 1769 numerum
746 1704 889 1790 ineptum
919 1726 992 1770 esse
1025 1712 1058 1771 et
1085 1708 1213 1793 reipsa
1251 1713 1283 1771 et
1309 1707 1379 1771 loeo

276 1823 372 1901 simili
393 1824 434 1888 Π.
458 1824 518 1888 158
539 1822 706 1887 doeemur:
734 1838 843 1887 terram
863 1830 951 1889 recte
974 1822 1127 1888 exhibent
1142 1824 1186 1889 Its
1201 1824 1274 1907 Τὰς
1298 1799 1381 1888 terro

274 1939 303 2002 V
327 1952 427 2003 terres
447 1939 503 2006 R2.
531 1939 659 2004 Scilicet
680 1940 712 2004 in
735 1940 908 2026 archetypo
931 1940 1037 2005 luerat
1052 1950 1146 2024 terra,
1168 1941 1254 2027 quod
1275 1942 1380 2027 ipsum

273 2058 431 2123 retinetur
452 2057 485 2121 in
504 2054 550 2140 V;
572 2056 617 2121 R²
634 2078 653 2122 e
673 2060 840 2144 proximae
860 2059 948 2122 vocis
971 2058 1061 2123 initio
1085 2036 1252 2145 corruptus
1275 2065 1332 2123 est.

430 2255 435 2265 „
536 2178 585 2253 84
599 2164 640 2231 =‘
654 2181 738 2269 4,2t
769 2177 837 2272 (de
864 2160 1109 2278 phalangiis).
1400 2155 1461 2271 '541

324 2306 565 2383 Inveniuntur
597 2316 635 2384 et
670 2311 829 2388 cortices
866 2334 993 2396 eorum
1028 2311 1092 2410 qui
1121 2310 1196 2393 triti
1231 2316 1268 2385 et
1303 2309 1380 2409 poti

325 2440 539 2534 medentum
574 2442 766 2537 [mustelae
793 2441 920 2535 eatuli,
949 2450 988 2521 ut
1012 2441 1171 2524 diximus
1197 2442 1333 2541 suprad
1414 2544 1418 2554 Ι

358 2572 396 2635 V.
420 2578 554 2639 decimus
575 2575 708 2641 abesto
729 2576 818 2642 libris
839 2575 942 2659 MSS„
963 2596 1045 2662 quae
1073 2582 1245 2665 supersunt
1267 2574 1381 2645 abesse
1430 2642 1434 2655 ,

273 2690 446 2756 debebant.
488 2692 611 2756 Plinius
648 2694 732 2757 enim
767 2713 871 2779 neque
899 2714 997 2779 supra
1023 2695 1044 2759 i.
1072 2714 1100 2761 s.
1131 2695 1159 2779 ξ.
1181 2694 1223 2762 60
1258 2692 1380 2765 eatrrlos

275 2808 487 2873 mustelarum
509 2818 619 2875 contra
639 2810 820 2896 phalangia
841 2813 948 2876 valere
969 2810 1102 2877 tradidit
1122 2833 1227 2898 neque
1251 2809 1382 2878 eosdem

276 2929 303 3010 ἕ.
326 2929 371 2994 88
399 2927 476 2994 alibi
498 2949 519 2992 a
552 2949 587 2991 se
610 2931 875 2993 commemoratos
897 2949 969 2993 esse
994 2930 1057 2993 nisi
1093 2930 1136 3011 ,in
1159 2928 1382 3018 serpentibus‘.

274 3044 346 3118 Quo
370 3051 506 3130 utroque
529 3053 716 3131 argumento
739 3046 884 3129 efficitur,
911 3047 942 3110 h.
965 3047 983 3110 l.
1006 3047 1038 3112 in
1060 3046 1241 3132 phalangiis
1264 3045 1381 3110 deseri-

274 3162 390 3227 bendis
410 3163 532 3228 nullam
547 3183 658 3227 eorum
678 3166 874 3230 mentionem
896 3165 974 3234 fieri.
996 3164 1131 3229 Accedit
1143 3163 1229 3250 quod
1249 3163 1382 3229 verbum

273 3302 313 3376 ne
334 3281 459 3344 Plinius
482 3281 610 3366 quidem
632 3283 725 3347 facile
748 3284 917 3348 omisisset.
939 3283 1026 3348 Nihil
1047 3283 1143 3370 igitur
1164 3288 1265 3348 restat
1286 3301 1381 3366 quam

271 3407 308 3462 ut
334 3399 496 3484 quomodo
526 3401 624 3465 verba
652 3401 925 3486 importunissima
945 3402 1019 3466 huic
1049 3403 1248 3486 potissimum
1271 3397 1380 3462 sensui

274 3515 417 3580 adscribi
445 3517 607 3601 potuerint
628 3516 894 3584 demonstremus.
937 3518 1036 3583 Ouius
1058 3521 1172 3584 erroris
1196 3519 1285 3605 origo
1317 3537 1381 3582 non

270 3641 340 3698 tam
362 3656 382 3698 a
403 3654 510 3698 rerum
531 3633 670 3720 quadam
693 3636 880 3701 confusione
905 3658 1001 3723 quam
1024 3638 1064 3702 ab
1087 3637 1250 3722 archetypi
1273 3636 1380 3720 specie
1478 3655 1479 3658 ’

269 3751 452 3838 repetenda
473 3762 531 3816 est.
574 3752 679 3827 Quum
703 3757 787 3818 enim
811 3756 840 3837 8.
862 3755 904 3820 88
936 3754 1041 3818 verbis
1074 3754 1241 3834 ,mustelae
1263 3753 1379 3834 catulo,
1418 3777 1426 3792 ⁸

269 3876 306 3933 ut
329 3872 362 3934 in
384 3870 586 3954 serpentibus
607 3870 726 3935 dietum
749 3875 808 3936 est‘
836 3872 869 3936 in
891 3859 1037 3956 margine
1057 3871 1184 3935 rubrica
1212 3869 1379 3953 ,mustelae

268 3988 380 4070 catuli,
400 3995 438 4051 ut
459 3991 567 4072 supra‘
593 3987 704 4052 addita
726 3996 828 4071 essct,
862 3989 982 4054 factum
1004 3997 1109 4055 estut
1135 4010 1234 4053 unum
1256 3995 1378 4074 protar-

268 4104 402 4190 ohetypi
423 4105 534 4169 folium
552 4095 784 4191 quinquaginta
802 4128 954 4171 versuum
982 4108 1036 4193 qui
1056 4107 1124 4171 iere
1145 4107 1232 4172 mille
1254 4114 1378 4171 trecen·
1436 4117 1438 4120 ’

266 4229 321 4286 tas
345 4230 400 4287 aut
421 4222 671 4309 quadringentas
693 4225 817 4290 litteras
840 4226 1047 4290 continebant
1065 4223 1317 4312 (mosomii
1328 4223 1378 4287 lit·

266 4349 360 4405 teras
400 4342 584 4425 numeravi)
628 4342 749 4406 librarii
782 4363 889 4418 errore
916 4361 988 4410 cum
1017 4344 1115 4408 altero
1145 4348 1380 4430 permutaretur

266 4460 410 4548 indeque
425 4460 454 4546 §.
467 4461 508 4528 84
529 4459 702 4527 adderetur
723 4461 823 4525 index
844 4463 897 4547 qui
918 4463 962 4531 ad
983 4465 1011 4548 S.
1025 4463 1066 4530 88
1086 4461 1276 4548 pertinebat.

446 4588 494 4662 86
514 4585 698 4669 :ibidem
729 4585 796 4679 (de
823 4584 1012 4686 phalangi
1039 4586 1202 4685 specie).
1401 4625 1463 4691 642

320 4713 484 4796 Vocatm
510 4728 546 4798 et
571 4718 730 4820 rhagiou
757 4722 864 4799 acino
890 4723 1010 4820 nigro
1026 4717 1166 4797 similis.

1197 4839 1235 4901 Ο
