3700 5625
705 718 796 782 Liber
818 715 977 780 XXVIII.
1332 715 1392 784 165

365 912 563 977 Str-ueterem
598 911 766 976 verborum
793 912 840 975 ita
877 909 1005 974 demum
1042 909 1226 974 emendari-
1246 918 1391 998 apparet,

286 1052 358 1096 eum
381 1051 399 1095 e
421 1028 481 1095 Rd
515 1049 588 1093 oum
610 1029 748 1114 vulgatis
771 1029 965 1094 editionibus
988 1029 1171 1114 genetivum
1193 1035 1278 1108 oeqri
1299 1031 1391 1094 resti-

272 1147 384 1212 tueris
409 1153 505 1233 atque
528 1147 635 1212 littera
655 1168 671 1210 s
692 1167 711 1211 e
732 1148 879 1234 proxima
899 1165 979 1210 voee
1000 1145 1137 1231 repetita
1160 1147 1340 1233 scripseris:

326 1271 413 1344 arari
431 1270 587 1345 sapterlr'ni
609 1303 647 1312 -
670 1275 699 1328 et
720 1269 897 1345 tenerrimis.
1333 1241 1335 1248 ’

731 1421 946 1506 91:836.
1412 1427 1474 1500 606

301 1620 305 1624 Α
333 1551 484 1630 Urinam
513 1551 685 1646 (cameli)
723 1550 925 1630 fullonibus
952 1545 1180 1626 utilisslmem
1208 1545 1294 1632 ess'e
1318 1558 1391 1629 tra·
1479 1619 1486 1628 .
1533 1593 1536 1600 ,

334 1684 445 1779 duut;
472 1727 518 1745 -·
545 1685 722 1762 barbaros
748 1708 897 1762 servare
938 1709 1019 1764 eam
1045 1686 1297 1787 quinquennio
1323 1683 1389 1762 rel.

366 1817 562 1883 Infinitiurm
593 1818 729 1883 alterum
758 1786 845 1882 lrene
871 1816 1000 1905 quidem
1035 1820 1133 1886 verbo
1162 1826 1290 1884 trudunt
1321 1819 1390 1904 regi
1519 1859 1521 1870 ·

285 1956 346 2000 non
378 1956 480 2022 nego,
516 1935 575 2000 sed
608 1936 737 2021 optimis
752 1925 755 1930 ’
770 1934 861 2000 eodd.
884 1935 928 2000 R²
950 1936 995 2001 V²
1027 1937 1060 2000 in
1088 1938 1168 2002 libro
1197 1945 1248 2004 sat
1282 1937 1390 2003 multis

285 2053 406 2118 laounis
433 2054 598 2140 inquinato
630 2053 914 2140 obtemperandum
951 2055 1217 2142 seribendumque
1249 2063 1285 2121 ut
1321 2062 1391 2120 erat

286 2178 358 2236 ante
380 2170 492 2254 Hand,
514 2192 604 2236 reor:
626 2176 776 2235 tataros
797 2182 922 2237 constat.

737 2329 940 2415 95=8‚2'(.
1411 2359 1472 2428 507

332 2456 501 2532 eiusdem
517 2456 659 2546 dentes,
685 2457 717 2535 si
739 2457 786 2534 de
800 2457 946 2535 sinistra
960 2465 1062 2559 perte
1075 2458 1182 2536 rostri
1198 2457 1291 2535 eruli
1305 2457 1388 2535 sint.

366 2595 461 2652 rostri
482 2595 561 2652 eruti
579 2596 639 2652 rint
670 2590 782 2676 reliqui
804 2590 931 2655 sudines
953 2591 1112 2674 omittunt,
1133 2591 1178 2655 R²
1199 2591 1298 2656 verba
1319 2597 1389 2656 tan·

287 2714 351 2770 tum
374 2712 453 2769 erut
471 2711 540 2770 sint.
561 2713 589 2771 si
610 2728 628 2771 e
647 2707 870 2772 terminatione
892 2713 988 2772 dentis
1012 2710 1096 2773 male
1117 2709 1287 2794 repetitam
1302 2714 1389 2772 reete

285 2823 511 2911 Daleeampius
534 2824 657 2905 omisit,
687 2824 772 2889 idem
795 2825 917 2913 reliqua
940 2846 1066 2913 quoque
1089 2828 1251 2913 expunxit.
1294 2826 1340 2891 At
1359 2849 1389 2892 v.

284 2950 378 3008 rostri
399 2928 470 3008 eod.
493 2942 537 3006 R²
560 2949 692 3007 auotore
713 2942 915 3008 retinendam
938 2964 1009 3009 esse
1032 2963 1158 3010 censeo.
1190 2946 1192 2950 ’
1305 3008 1310 3015 .

539 3077 808 3157 100=ibidem
841 3079 909 3171 (de
936 3078 1118 3178 hyaena).
1412 3072 1474 3143 608

333 3209 535 3311 superioris
562 3210 714 3314 dextrae
741 3212 854 3312 partis
880 3211 989 3289 rostri
1016 3212 1120 3289 dens.

258 3369 261 3373 ·
367 3344 418 3408 Ita
440 3343 506 3407 Sill.
528 3342 613 3407 Ian:
649 3349 836 3423 eruperiori
857 3349 967 3407 dextra
986 3355 1077 3423 parte
1097 3350 1190 3408 rostri
1212 3348 1300 3424 dens,
1333 3342 1390 3406 im·
1430 3354 1432 3359 '

286 3459 486 3544 penitissima
508 3466 642 3546 uterque
672 3466 840 3526 struetura.
882 3460 931 3524 R²
965 3468 1116 3543 superiori
1143 3466 1271 3526 dextrae
1292 3467 1392 3541 partis

284 3584 376 3641 roem·
396 3576 439 3639 R¹
452 3576 522 3641 VT
543 3584 694 3657 repertori
715 3583 825 3643 dextra
844 3590 936 3658 parte
956 3580 1089 3644 roserii.
1113 3600 1141 3646 e.
1162 3580 1269 3644 littera
1290 3585 1301 3642 i
1323 3598 1390 3643 eor-

284 3701 388 3760 reeta:
830 3691 841 3704 ⁸

366 3818 505 3894 superior
526 3833 543 3876 e
564 3818 673 3876 dextro
693 3823 782 3892 parte
803 3818 896 3877 rorln'
918 3818 1002 3913 dena

713 3952 780 4023 111
796 3972 836 4003 =
852 3951 948 4037 828.

334 4079 497 4178 Sanguis
539 4079 728 4178 utriusque
781 4080 1002 4173 (crocodili)
1049 4078 1250 4157 claritatem
1290 4077 1391 4153 visus
1411 3997 1473 4065 609

336 4210 496 4289 inunctis
523 4211 636 4289 donat
661 4217 698 4287 et
734 4213 925 4289 eieatriees
953 4212 1144 4290 oculorum
1170 4210 1353 4287 emendet.

368 4316 456 4409 Leue
478 4344 589 4410 vitium
613 4365 653 4409 ex
675 4344 839 4430 archetypi
861 4365 900 4409 ea
923 4345 1040 4429 speeie,
1065 4344 1192 4431 qualem
1215 4343 1320 4407 animo
1342 4342 1390 4405 in-

286 4462 442 4542 lormaui5
463 4460 685 4546 eorrigendum
708 4467 766 4526 est.
810 4461 861 4528 So.
882 4484 932 4527 vv.
956 4467 1049 4526 donat
1080 4474 1108 4525 et
1133 4462 1167 4525 in
1189 4461 1278 4525 libris
1301 4459 1389 4525 MSS.

219 4597 224 4614 ¹
289 4599 351 4644 non
372 4580 531 4664 leguntur,
552 4580 587 4644 in
603 4566 737 4666 quorum
750 4580 923 4666 archetypo
937 4580 999 4644 duo
1014 4600 1125 4646 versus
1138 4578 1249 4643 XXVI
1271 4578 1391 4643 littera·

286 4698 421 4777 remita
442 4698 551 4783 scripti
571 4697 716 4763 fuerunt:
