3700 5625
1225 596 1252 636 ἰ

719 752 808 814 liber
829 753 938 815 XXII.
1322 741 1380 812 121

278 969 332 1012 suo
366 949 389 1012 i.
412 969 441 1013 e.
462 948 601 1017 oratorie
636 948 683 1014 ita
704 945 873 1032 descripsit
890 952 927 1009 ut
948 964 968 1009 a
988 944 1164 1008 minoribus
1196 941 1239 1006 ad
1260 943 1382 1008 maiore

278 1065 439 1151 gradatim
462 1064 652 1130 aseenderet
679 1070 899 1149 summamque
921 1062 1036 1126 noxios
1064 1059 1282 1146 distinguendi
1304 1053 1382 1122 diiii-

278 1183 429 1248 cultatem
457 1188 638 1248 exornaret.
681 1184 730 1256 Et
743 1181 798 1246 illa
818 1181 956 1266 primum
987 1177 1114 1264 quidem
1136 1177 1232 1241 oertis
1253 1177 1382 1262 quibus·

277 1300 348 1365 dam
383 1300 469 1365 notis
498 1298 680 1365 indicantur
712 1319 794 1384 quae
832 1298 861 1384 S.
895 1298 938 1365 92
970 1296 1150 1381 descriptae
1189 1317 1208 1359 a
1241 1293 1382 1358 convivis

277 1437 451 1503 eorumque
483 1417 635 1480 ministris
666 1415 759 1480 iaoile
786 1413 1134 1481 animadvertebantur.
1177 1411 1247 1476 Has
1279 1411 1384 1497 prima

276 1535 373 1600 rerba
394 1533 485 1598 brevi
505 1542 671 1620 repetunt:

318 1657 356 1718 Ul
378 1657 522 1734 diximus,
544 1658 596 1715 illa
611 1658 798 1732 pernicialia
815 1658 974 1750 probant
995 1656 1105 1734 lalia,

276 1768 358 1855 quod
380 1789 400 1831 e
422 1766 516 1834 eodd.
545 1759 726 1855 corruptela
750 1775 906 1850 probandi
931 1774 993 1832 alia
1022 1767 1108 1832 nullo
1131 1767 1261 1853 negotio
1275 1765 1382 1830 effici·
1481 1771 1483 1780 ’

277 1893 335 1951 tur.
362 1891 451 1950 Talia
472 1887 492 1950 i.
516 1906 542 1952 e.
565 1893 663 1950 notae
683 1887 758 1951 illae
774 1886 911 1972 probant
931 1885 982 1950 vel
1009 1885 1206 1970 redarguunt
1227 1885 1383 1966 pernicia·

277 2003 321 2067 les
343 2004 434 2068 oibos
458 2024 502 2067 so.
518 2003 637 2067 dilutus
654 2003 763 2094 ru'bor,
774 2003 924 2068 rancidus
947 2010 1097 2090 aspectus
1112 2007 1145 2067 et
1167 2000 1290 2068 similia.
1314 2003 1382 2064 lem

278 2122 316 2185 ad
331 2142 372 2186 ea
384 2119 588 2206 progreditur
603 2141 686 2206 quae
708 2123 821 2186 domus
842 2121 985 2186 mbanae
998 2121 1145 2186 dominos
1166 2120 1383 2207 familiamque

277 2239 460 2305 neeessario
491 2239 606 2321 latent,
640 2259 680 2303 ea
702 2240 795 2324 signa
823 2238 894 2303 dioo
925 2259 1009 2325 qnae
1034 2240 1130 2304 etiam
1154 2256 1174 2301 a
1194 2233 1383 2302 Dioscorida

278 2356 329 2420 IV.
351 2356 393 2423 83
415 2353 597 2419 indicantur
624 2356 674 2420 bis
695 2356 819 2420 verbis:
862 2356 881 2442 ἢ
907 2357 971 2443 γὰρ
1003 2354 1092 2440 ἣλοις
1127 2353 1383 2448 κατιωμένοιςῆ

279 2473 395 2560 ῥάκεσι
419 2473 657 2562 desquiris...
678 2478 929 2561 napapdonrar.
952 2474 1101 2558 Sequitur
1120 2471 1201 2538 haee
1223 2475 1383 2550 arnsiiois

279 2594 353 2656 solis
381 2592 426 2655 ibi
454 2597 578 2654 tantum
606 2590 663 2655 ubi
691 2592 789 2660 boleti
816 2596 1032 2678 provenerunt
1059 2590 1256 2674 deprehendi
1277 2611 1383 2676 posse.

280 2709 369 2783 Quae
390 2709 494 2772 maior
520 2707 690 2773 difficultas
723 2710 975 2794 interrogatione
997 2710 1193 2794 exprimitur,
1217 2709 1307 2788 opius
1336 2710 1383 2774 vis

281 2828 416 2913 abrupta
431 2828 576 2891 oratione
592 2835 747 2911 augetur:
770 2833 999 2908 deprehendisse
1010 2834 1062 2908 qni
1082 2835 1140 2891 nisi
1161 2840 1294 2906 apresles
1313 2849 1384 2907 pos·

278 2950 367 3007 naar?
398 2945 454 3029 qui
476 2944 538 3008 nisi
559 2964 642 3029 quae
666 2943 816 3009 viderunt
838 2952 987 3009 aeeurate
1009 2946 1210 3026 nuntiarunt,
1243 2938 1384 3010 futurum

282 3071 329 3126 est
350 3068 386 3125 ut
407 3062 563 3126 convivae
584 3059 772 3157 nobilissimi
784 3062 902 3126 misere
923 3062 1080 3127 oooident.
1123 3064 1266 3127 Tertium
1287 3064 1384 3148 idque

279 3180 452 3243 maximum
473 3184 588 3242 restat:
625 3178 783 3263 quaedam
805 3180 889 3243 enim
910 3179 989 3244 vitia
1013 3177 1049 3265 (ἢ
1073 3176 1221 3271 ἑρπετῶν
1243 3162 1385 3265 φωλεὸῒς

279 3298 531 3383 παραφύονται,
554 3297 600 3360 ait
615 3295 834 3370 Dioscorides)
860 3303 927 3360 tam
947 3295 1114 3361 rsoondita
1134 3304 1210 3361 sunt
1230 3304 1266 3360 ut
1288 3296 1384 3361 etiam

280 3414 413 3479 russas
457 3413 529 3477 mos
560 3414 594 3477 n
635 3413 705 3499 ipso
739 3415 807 3478 ⁸010
836 3384 972 3498 lugidi.
1014 3414 1121 3497 mque
1150 3413 1268 3477 nnius
1308 3414 1384 3500 quid

281 3531 442 3615 aeripsisse
466 3530 627 3616 putandus
649 3532 705 3613 sit,
737 3531 827 3596 vides
854 3569 885 3577 --
910 3531 992 3612 iam,
1019 3551 1139 3616 quaeso
1162 3530 1293 3596 adverte
1316 3533 1383 3597 ani·

281 3668 364 3713 mum
386 3647 462 3733 quid
485 3648 655 3730 seripserit.
678 3648 808 3712 Seilioet
827 3648 961 3711 verbum
983 3647 1025 3713 ad
1047 3649 1132 3734 qnod
1154 3653 1385 3729 deprehendisse

283 3767 474 3851 rogitatione
496 3767 677 3850 suppletur,
709 3765 742 3827 in
772 3763 887 3827 litteris
908 3786 946 3828 ne
972 3772 1088 3843 quidem
1116 3767 1196 3839 latet
1228 3781 1392 3845 nequeant„
1437 3748 1444 3762 ⁸

283 3883 384 3969 Atque
418 3883 464 3947 ita
493 3882 617 3946 duabus
645 3881 770 3946 litteris
788 3889 820 3946 di
841 3883 874 3947 in
896 3897 922 3966 l,
967 3889 1117 3969 quattuor
1144 3888 1221 3977 idem
1255 3886 1287 3947 in
1314 3898 1384 3948 enni

283 4000 406 4063 mutatis
428 4000 502 4063 talis
523 4000 613 4064 loeus
634 3998 789 4084 prodibit:

324 4121 359 4180 Ul
379 4123 520 4197 diximus,
543 4123 593 4180 illa
623 4122 802 4196 pernicialia
815 4121 954 4198 ,probant
974 4123 1066 4195 ialia;
1100 4124 1127 4181 si
1153 4123 1300 4225 caliparq‘s
1322 4125 1383 4181 eln-

322 4254 372 4296 nns
393 4272 428 4280 —
454 4239 634 4311 concoquit:
661 4239 893 4313 deprehendisse
911 4271 954 4283 —
975 4241 1140 4314 collipnnr?
1171 4240 1237 4315 Ipsi
1257 4241 1319 4299 alia
1341 4243 1383 4299 rn'-

323 4357 361 4414 lla
381 4364 543 4431 nequeant:
570 4358 597 4415 si
616 4358 764 4431 serpentis
784 4351 841 4415 rel.

374 4475 420 4546 97
455 4494 476 4520 ·1
513 4473 632 4558 ’23‚4'l.
671 4469 741 4561 (de
767 4469 960 4546 arboribus
986 4470 1120 4547 noxios
1145 4472 1287 4569 fungos
1403 4506 1466 4577 433
1524 4480 1526 4490 ’

402 4665 410 4681 ,
689 4584 952 4683 gignentibus)
1295 4604 1297 4611 ·

328 4736 396 4793 non
421 4719 512 4793 ilem
535 4716 642 4816 fago,
668 4717 820 4808 robore,
848 4738 1045 4818 cupresso,
1072 4728 1112 4795 ut
1137 4720 1307 4799 diximus,
