3700 5625
590 799 595 804 .
713 751 804 832 teet
823 751 915 814 ner.
1324 747 1366 818 te

303 953 579 1013 comtemnitis
602 952 710 1032 populi
740 951 815 1014 tello
836 952 1012 1028 confictum,
1045 955 1165 1012 moriem
1194 951 1366 1012 accelerant

297 1070 391 1143 ptum
413 1069 540 1141 odditm·
562 1070 688 1128 colomis
712 1070 829 1144 spicula
850 1069 969 1128 addunt
990 1068 1182 1130 irrevocabili
1201 1069 1290 1128 hanso
1311 1083 1365 1128 no·

300 1189 354 1245 xta
371 1188 465 1258 fitque
485 1192 514 1244 et
534 1201 574 1244 ee
595 1187 660 1264 ipso
682 1187 768 1245 telum
790 1187 876 1244 alind
892 1185 995 1257 fracto
1018 1187 1048 1244 in
1070 1185 1248 1244 inueneritis.

341 1296 489 1362 Iluudem
516 1295 584 1362 iero
606 1319 773 1364 numerum
795 1299 824 1382 ξ.
847 1298 906 1366 161
937 1299 1047 1362 vitium
1069 1299 1210 1362 omnium
1237 1303 1365 1383 praeter

263 1417 422 1499 egregium
445 1414 498 1478 D²
526 1415 670 1480 oodioum
693 1416 830 1499 indicet,
866 1435 939 1479 eum
966 1415 1161 1480 evooehulo
1180 1421 1365 1497 praecipuos

263 1541 330 1618 post
350 1531 498 1596 XXVIII
528 1533 652 1597 litteras
685 1537 774 1613 (usus
803 1533 905 1613 enim,
944 1551 1007 1596 non
1030 1538 1110 1596 eisne
1130 1533 1220 1619 lego)
1250 1553 1363 1598 senum

263 1652 387 1716 verbum
401 1631 579 1754 'nobilitavit
599 1652 632 1716 iu
651 1656 865 1731 praecipitavit
885 1651 1093 1736 eorruperint.
1117 1661 1122 1668 ¹

655 1791 966 1895 m=mm

309 1933 370 2012 Est
394 1942 433 2012 et
461 1933 612 2034 obliqua
637 1933 806 2015 harundo
827 1979 870 1992 -
887 1978 934 1990 -
949 1933 1170 2032 suavissima
1195 1933 1231 2010 in
1259 1940 1363 2012 tene-

310 2067 412 2142 ritate
438 2065 675 2162 minutione
701 2074 858 2145 vocatur
884 2090 905 2143 a
932 2066 1151 2165 quibusdam
1179 2065 1312 2164 elegia·

1382 1840 1438 1910 281

340 2214 447 2279 Verbo
475 2237 590 2281 moneo
618 2218 889 2302 praepositionem
907 2221 939 2280 in
968 2214 1156 2299 delendam,
1192 2215 1361 2280 harundini

265 2331 511 2418 eI'heophresti
531 2335 601 2401 loeo
615 2333 672 2400 IV.
696 2337 747 2400 11.
775 2335 810 2401 13
836 2331 992 2412 (elimatis
1013 2353 1057 2397 se.
1080 2332 1245 2417 κάλαμος)
1269 2353 1361 2398 suum

264 2467 374 2513 nomen
394 2455 479 2516 stelio
500 2451 699 2516 reddendum
722 2471 803 2516 esse.

202 2602 203 2657 ς
308 2565 373 2643 Est
399 2568 498 2645 etin
523 2567 626 2645 ltalia
652 2591 811 2647 nascens
836 2567 972 2644 ederes
992 2567 1151 2656 nomine,
1178 2566 1361 2668 palustris
1384 2589 1446 2659 282

309 2723 354 2776 ex
380 2701 519 2777 cortice
544 2708 683 2778 tontum
709 2701 777 2778 sub
804 2701 885 2801 ipsa
911 2723 1028 2777 noma.

341 2834 483 2898 Primum
506 2854 523 2897 e
545 2834 734 2899 Diosooride
754 2832 793 2901 V.
815 2820 880 2925 '136
910 2832 1067 2898 scribatur
1089 2840 1215 2919 oportet
1242 2840 1273 2899 in
1300 2838 1359 2896 Go-

263 2954 339 3034 lutio,
361 2949 616 3045 deindeePlinii
638 2950 738 3035 ipsius
760 2971 799 3015 eo
820 2950 892 3015 loeo
909 2972 972 3040 quo
987 2958 1131 3014 nostrum
1144 2950 1263 3031 laudat,
1285 2950 1359 3015 XX.

203 3135 204 3140 ,
264 3066 315 3132 241
339 3090 469 3133 nascens
490 3074 566 3153 post
594 3075 682 3132 como
705 3036 941 3151 collocandum
979 3067 1116 3152 denique
1139 3074 1289 3148 palustris
1315 3089 1358 3135 se.

265 3182 444 3250 herundinis
467 3184 575 3249 deleto
600 3175 855 3269 interpunctione
887 3204 960 3250 oum
986 3184 1139 3269 proximis
1166 3186 1298 3250 tooibus
1320 3206 1360 3249 ex

266 3310 370 3367 cortice
390 3301 651 3388 coniungeudum
670 3307 730 3366 est.

599 3416 1110 3537 m=mmmn'
1378 3488 1441 3559 w

308 3583 444 3685 plotien
470 3609 561 3665 vero
588 3586 817 3667 subtihorem
845 3584 1108 3680 (harundinem
1139 3586 1359 3679 vocabant).

335 3718 384 3783 Ne
405 3718 490 3783 hsuo
518 3716 647 3804 quidem
667 3736 781 3791 rocem
806 3724 1013 3783 conuenerunt
1041 3701 1195 3801 editores,
1227 3739 1300 3783 oum
1328 3724 1360 3780 et

266 3834 341 3917 opud
364 3835 623 3921 Theophrastum
644 3834 701 3899 IV.
724 3837 775 3901 11.
797 3836 817 3901 3
849 3828 1014 3918 πλόκιμῗον
1042 3846 1075 3899 et
1106 3836 1139 3899 in
1169 3835 1261 3899 codd.
1285 3855 1304 3897 a
1329 3838 1358 3901 Θ

263 3956 376 4026 noctae
398 3952 602 4039 reperissent.
640 3951 711 4026 Quo
727 3952 833 4015 minus
854 3953 952 4017 miror
973 3952 1121 4037 graviore
1142 3952 1259 4017 mendo
1280 3972 1358 4015 non·

265 4065 591 4151 inmemoratus,
620 4069 681 4134 etsi
706 4074 890 4153 corruptum
916 4088 1130 4155 manuumque
1157 4090 1229 4133 esse
1254 4068 1358 4133 looum

265 4191 293 4247 et
310 4187 374 4255 Sill.
408 4193 441 4251 et
462 4188 557 4252 lenus
590 4186 893 4253 animadverterunt.
936 4186 990 4253 Sie
1018 4187 1101 4259 enirn
1129 4188 1218 4253 loeus
1242 4186 1358 4251 Oroho-
1470 4228 1481 4239 -

236 4350 239 4361 .
266 4306 355 4368 uenii
374 4303 589 4369 harundineto
612 4303 792 4369 desoribere
815 4305 920 4388 pergit
940 4304 1085 4369 Plinius:

246 4530 254 4537 ι
307 4422 410 4497 tethin
434 4427 493 4498 est
517 4419 684 4498 harundo
712 4420 845 4497 tibialis
872 4422 1011 4514 uolanis
1039 4447 1150 4523 (prem
1175 4422 1359 4500 auleticon
1457 4423 1462 4432 ‘

310 4552 497 4651 dicebant3
524 4553 809 4632 nonohicauuo
837 4555 1069 4632 nascebatur.
1098 4556 1187 4633 Nam
1207 4554 1360 4643 eulaeus

310 4683 530 4763 incrementa
553 4683 628 4763 hoe
653 4686 830 4786 temporis
864 4688 984 4787 spatio
1012 4688 1201 4781 servabat,
1237 4692 1360 4791 prodi-

1103 4820 1149 4888 2-
