3700 5625
468 734 510 808 32
915 740 1005 802 Lt'lter
1024 739 1132 802 XVII.

468 953 584 1021 nempe
611 933 762 1018 ,iniugem
784 935 891 997 anum‘
914 953 1055 1010 vaccam¹
1070 951 1142 996 esse
1160 931 1287 1012 statuit,
1317 951 1380 1016 qua
1398 951 1470 995 sans
1491 951 1553 996 con·

468 1054 591 1118 iectura
611 1051 730 1114 nullam
753 1049 881 1113 omnino
914 1050 988 1113 novi
1009 1047 1226 1114 infelicibrem.
1270 1049 1385 1134 Neque
1407 1051 1485 1112 enim
1504 1071 1556 1113 vox

469 1169 606 1255 ‚iniugis‘
627 1187 762 1253 usquam
784 1166 870 1252 apud
882 1165 1021 1230 Plinium
1039 1167 1204 1251 reperitur,
1226 1157 1454 1252 neque',anus‘
1475 1187 1557 1231 vacca

468 1288 662 1374 appellatur,
685 1304 789 1370 neque
812 1283 929 1370 iniugis
952 1304 1050 1348 vacca
1072 1284 1104 1347 in
1126 1285 1201 1369 iugc
1225 1303 1296 1348 esse
1319 1291 1436 1370 potest.
1478 1283 1558 1347 aodi-

468 1425 523 1470 oes
546 1422 670 1467 summa
692 1399 862 1467 concordia
876 1399 996 1465 habent
1017 1408 1212 1484 innotatum
1234 1423 1379 1467 vomerem
1403 1407 1558 1467 trahentem.

468 1525 513 1588 At
534 1542 601 1606 ,per
627 1520 772 1601 eandem,
795 1517 860 1584 Sill.
882 1519 1001 1612 inquit,
1031 1519 1175 1584 codicum
1204 1519 1375 1584 lectionem
1399 1519 1492 1584 cardo
1511 1519 1559 1600 rei,

468 1639 578 1723 ‚asello
601 1645 633 1702 et
655 1658 719 1700 anu
742 1656 888 1721 campum
906 1635 1026 1717 scindi,
1049 1657 1180 1722 prorsus
1195 1638 1330 1722 tollitur;
1353 1639 1483 1702 nimium
1504 1647 1559 1701 tum

310 1755 317 1770 '
425 1772 430 1782 ‘
469 1756 627 1841 ,tribuitur
650 1755 766 1836 asello,
805 1761 836 1818 et
858 1753 968 1818 iuncta
990 1774 1069 1817 anus
1098 1775 1259 1820 vomerem
1281 1755 1413 1820 trahens
1435 1755 1499 1820 fere
1518 1776 1561 1818 su-

469 1892 639 1959 ,pervacua
660 1872 806 1937 videtum
847 1870 1019 1953 Audirem,
1051 1871 1078 1934 si
1108 1892 1188 1936 anus
1217 1893 1288 1937 cum
1313 1875 1413 1938 asello
1436 1880 1561 1938 aratrum

469 1971 597 2056 trabeis
618 1988 786 2054 diceretur.
831 1988 959 2058 Scitam
980 1989 1071 2054 obliti
1093 1999 1192 2055 erant
1211 1991 1269 2056 viri
1292 1991 1378 2056 docti
1402 1993 1493 2056 etiam
1516 1991 1562 2054 bu·

470 2109 563 2174 bulcc
584 2107 627 2173 ad
648 2106 803 2173 arandum
826 2126 906 2191 opus
930 2127 1011 2172 esse.
1035 2107 1104 2172 Hoc
1126 2109 1211 2172 eninr
1236 2107 1312 2174 dicit
1332 2109 1470 2174 Plinius:
1492 2128 1562 2194 quse

470 2227 547 2293 alibi
569 2227 702 2292 duorum
735 2225 852 2289 bovum
880 2232 989 2309 partes
1018 2233 1107 2308 sunt,
1142 2226 1182 2290 iis
1204 2227 1237 2290 in
1259 2226 1369 2292 Africa
1390 2249 1472 2293 unus
1493 2227 1562 2292 asel·

470 2346 519 2409 lus
550 2345 747 2429 defungitur,
781 2363 862 2407 anus
894 2350 1002 2408 autem
1030 2343 1195 2424 ,vilissima
1227 2348 1335 2430 opera‘
1360 2345 1468 2428 tXlll.
1491 2343 1559 2418 132)

471 2463 500 2528 ei
521 2461 623 2526 labori
651 2481 709 2546 par
737 2460 861 2546 estqui
888 2460 965 2524 alibi
994 2481 1014 2524 a
1034 2460 1171 2527 bubulco
1207 2463 1377 2548 suscipitur
1400 2461 1458 2548 (of.
1479 2461 1562 2526 Oclu·

470 2579 566 2645 mella
602 2581 642 2642 ΙΙ.
663 2577 712 2664 2).
765 2571 868 2651 'Quae
904 2578 986 2642 ratio
1031 2579 1232 2663 apertissima
1275 2586 1448 2667 propterea
1489 2581 1563 2643 viros

471 2701 582 2765 doctos
594 2695 685 2782 fugit,
709 2694 793 2781 quod
810 2709 875 2759 non
892 2696 1186 2762 animadverterant
1196 2719 1293 2763 unum
1306 2719 1434 2763 versum
1448 2695 1565 2764 XXVII

469 2818 646 2884 litterarum
673 2815 793 2879 librarii
825 2816 1023 2901 negligentia
1051 2817 1120 2881 loco
1155 2825 1276 2883 motum
1308 2825 1340 2881 ct
1367 2826 1433 2883 tmu
1459 2836 1566 2901 pravae

430 2924 433 2930 ’
470 2936 698 3027 congruentiae
717 2928 818 2999 'causa
845 2934 1019 2999 ablativum
1042 2939 1178 3001 trahente
1204 2938 1236 3000 in
1265 2938 1482 3001 accusativum
1504 2950 1567 3000 esse

375 3097 380 3105 ·
471 3061 638 3120 mutatum.
682 3052 805 3128 Quibus
833 3028 984 3117 correctis
1018 3051 1098 3118 haec
1130 3054 1269 3118 Plinium
1301 3054 1466 3141 scripsisse
1500 3074 1566 3118 con·

470 3173 584 3238 tendo:

511 3348 553 3357 -
572 3320 643 3390 post
662 3313 770 3372 imbres
804 3316 854 3374 oili
875 3314 966 3374 osello
995 3330 1138 3374 vomerem
1160 3314 1295 3375 trahente
1322 3316 1448 3377 vidimus
1477 3314 1568 3374 scindi

513 3440 575 3494 eto
594 3437 683 3508 porte
705 3432 802 3491 oltero
823 3431 908 3507 tongi
925 3449 1025 3505 onum.

388 3694 450 3767 307
907 3670 954 3743 42
980 3687 1019 3723 “-“
1046 3671 1080 3758 6,
1107 3669 1141 3742 4.

519 3816 605 3893 Alia
644 3821 700 3892 est
738 3815 829 3893 ratio
872 3809 981 3915 ¹quam
1013 3814 1225 3892 Britanniae
1264 3824 1300 3892 et
1341 3815 1481 3893 Galliae
1518 3816 1567 3891 in-

520 3971 656 4027 venere
683 3947 806 4025 alendi
833 3970 914 4025 eam
940 3950 1036 4049 ipss,
1070 3970 1267 4048 genusque
1302 3950 1404 4048 quod
1436 3956 1565 4027 vocant

518 4104 693 4181 margam.
721 4078 884 4182 Spissior
910 4086 1000 4159 eta'

552 4212 654 4278 Recte
676 4215 722 4278 sic
742 4213 857 4296 Ianus,
878 4214 940 4277 nisi
962 4211 1046 4299 quod
1069 4212 1200 4278 verbum
1223 4221 1297 4300 post
1319 4216 1467 4301 copulam
1491 4214 1566 4279 desi·
1651 4268 1652 4287 ,

454 4330 608 4409 ‚deretur
632 4329 726 4405 Quod
739 4352 810 4396 cum
833 4331 998 4396 electione
1019 4328 1111 4401 codd.
1134 4333 1193 4395 Da
1213 4336 1297 4413 ipsae
1317 4332 1412 4398 facile
1435 4344 1566 4413 eruatur,
1651 4408 1652 4422 χ

472 4449 579 4514 deleta
600 4449 715 4534 copula
736 4442 796 4528 quc
822 4468 946 4535 quase
974 4447 1106 4513 relativo
1129 4449 1284 4533 originem
1308 4449 1443 4517 duxerat
1458 4453 1566 4537 legen·

443 4567 547 4633 ·dum
569 4550 634 4631 ast:
1048 4544 1052 4554 Δ

447 4687 453 4701 ’
511 4692 590 4767 iota.
619 4688 675 4749 Est
694 4706 789 4766 gemm
810 4690 894 4767 qood
913 4696 1024 4753 ooeont
1043 4706 1195 4766 maroam:
1214 4693 1341 4767 spissior
1360 4695 1410 4753 ret.
