3700 5625
718 559 906 630 Her-IV.
1327 568 1372 641 49

258 757 413 846 gendum.
466 754 605 825 Scilicet
627 766 798 844 cseptern
820 758 960 827 urbibus
981 780 1068 847 quas
1086 762 1176 849 apud
1188 760 1371 835 Homerum

258 875 292 943 11.
305 875 365 941 lX.
381 873 457 941 150.
470 873 679 963 Agamemno
696 896 737 943 ae
750 876 875 944 Achilli
894 878 1049 955 daturum
1072 900 1153 947 esse
1178 882 1371 971 pollicetur,

258 993 425 1065 Antbcaru
444 1012 520 1061 eunr
539 993 653 1062 locum
673 1016 867 1082 occupasse
879 998 1129 1065 arbitrabantur
1142 1010 1280 1071 veteres
1302 1025 1370 1092 quo

259 1124 382 1202 postea
409 1112 535 1180 Tharria
573 1112 752 1182 aedificata
786 1126 850 1181 est.
913 1114 1135 1183 Scribendum
1168 1130 1223 1187 est
1253 1120 1371 1210 igiturt

260 1229 315 1295 ubi
330 1228 448 1317 ῥιπαὶ
465 1228 617 1311 Anthea,
646 1232 695 1298 uti
715 1231 811 1317 §.itt
830 1232 955 1320 legitur
982 1234 1067 1313 „ubi
1091 1234 1210 1305 Messa
1227 1236 1373 1309 turrate
1459 1256 1462 1263 ’

261 1351 373 1435 ltaque
403 1360 510 1437 totum
535 1350 741 1419 enuntiatum
767 1351 815 1419 itu
842 1372 866 1419 a
886 1351 995 1421 Plinio
1024 1356 1255 1445 conscriptum
1290 1378 1371 1427 esse

261 1470 420 1536 arbitror:
702 1546 706 1555 ¹

301 1584 433 1671 Oppida
457 1584 663 1673 Taenarum,
692 1586 838 1654 leuctra
864 1597 899 1653 et
921 1587 1013 1655 ιἠεω
1031 1585 1174 1677 Sparta,
1199 1590 1384 1679 Amyclae„

298 1702 446 1784 Pherae,
470 1702 654 1791 lberam,
673 1704 805 1785 lituae,
828 1704 1040 1793 Carumqlq
1065 1714 1165 1805 alque
1183 1707 1242 1775 ubi
1259 1704 1373 1797 fuerat

300 1820 436 1888 Anthea
455 1821 546 1888 lum
569 1821 716 1902 llario,
739 1818 898 1891 Gerania.
1283 1836 1287 1843 '

673 1973 963 2072 17,18·-·5,9.
1389 2010 1433 2079 qq

426 2112 527 2190 inter
557 2138 653 2214 quos
682 2114 808 2214 Argos
837 2111 1022 2215 Hippiam
1065 2114 1372 2215 cognominatum.

195 2247 196 2250 ‘
371 2249 848 2352 Troezen,(ioryphasium
870 2250 1240 2353 appellatumque
1260 2253 1373 2332 alias
1426 2298 1430 2304 ·

311 2387 570 2483 Inachium,
597 2386 713 2464 alias
738 2386 954 2488 Dipsium
976 2388 1141 2488 Argos.

342 2546 548 2635 corruptum
568 2548 681 2615 locum
704 2569 785 2616 esse
803 2549 1038 2617 animadvertit
1054 2548 1188 2616 Curtius
1200 2548 1239 2615 Π.
1251 2549 1374 2639 ubilis

264 2668 442 2733 ementiare
466 2687 655 2755 aggressus
682 2678 737 2735 est
756 2668 950 2749 Pintiarrus,
984 2668 1041 2755 qui
1065 2667 1191 2754 primus
1217 2679 1376 2757 transpo-

264 2774 378 2854 sitione
403 2806 564 2875 germana
578 2786 673 2853 Plinii
688 2788 795 2855 verbu
817 2786 996 2856 restituere
1018 2786 1141 2874 coepit.
1175 2784 1219 2854 Et
1235 2786 1375 2874 primunr

266 2908 392 2993 quidem
424 2905 506 2972 illud
535 2905 723 2974 rectissime
747 2905 830 2974 fecit
864 2908 955 2994 quod
985 2903 1158 2973 vocabula
1191 2903 1275 2970 ulier
1290 2905 1377 2972 Iuo-

266 3023 385 3103 cbaos,
410 3022 496 3088 utar
515 3026 669 3112 Dipsium
690 3025 734 3090 ud
753 3026 934 3110 superiora
953 3022 1075 3090 retulit.
1118 3022 1266 3089 Fuerunt
1288 3025 1377 3093 eninr

266 3145 400 3230 unique
423 3152 459 3208 et
478 3143 655 3210 notissima
675 3142 905 3210 nobilissimae
929 3142 1022 3208 urbis
1047 3141 1259 3228 cognomina.
1285 3143 1377 3210 ldeur

264 3261 402 3328 alterurn
422 3260 538 3349 Argus
561 3284 671 3350 prope
684 3263 895 3330 Troezenem
917 3263 1016 3328 situm
1037 3241 1150 3326 ultimo
1171 3258 1251 3326 locu
1274 3280 1297 3327 a
1310 3260 1376 3328 Pli-

264 3381 314 3447 nio
334 3380 478 3446 indicari
503 3379 678 3466 intellexit,
704 3384 746 3448 de
773 3404 840 3470 quo
863 3381 909 3449 ci.
926 3379 1061 3448 Curtius
1074 3378 1098 3444 l.
1112 3377 1136 3444 14
1171 3379 1271 3455 Quod
1291 3399 1376 3448 vero

264 3518 379 3566 rocem
409 3485 674 3595 appellatumque
702 3499 737 3565 in
762 3497 967 3595 alterumque
995 3495 1149 3576 mutavit,
1183 3495 1216 3562 id
1244 3497 1378 3584 quiden

265 3618 338 3687 iecit
356 3627 498 3707 praeter
515 3616 768 3683 necessitatem.
794 3617 915 3685 Potest
938 3616 1024 3682 enirn
1050 3635 1118 3682 une
1138 3635 1219 3681 euru
1239 3613 1378 3702 reliquia

266 3739 373 3805 uerbis
399 3738 435 3803 in
461 3728 604 3804 alterum
630 3733 744 3802 locum
768 3735 957 3820 transferri.
1001 3735 1123 3820 Neque
1155 3733 1207 3800 sic
1232 3733 1380 3802 Troeze-

266 3857 347 3922 niurn
367 3855 488 3941 Argos
509 3875 574 3920 suo
604 3851 802 3940 cognomine
829 3853 972 3920 carebit.
1020 3845 1229 3937 Κορυφάσιον
1255 3832 1380 3916 dictum

268 3995 339 4043 csse
366 3975 515 4041 arbitror
530 3991 553 4038 a
567 3971 689 4038 montis
716 3972 892 4038 cuiusdam
917 3969 1107 4038 vicinitate:
1134 3985 1212 4030 nam
1234 3973 1378 4051 etopus

267 4090 320 4160 luit
343 4091 461 4178 aliquo
486 4101 581 4157 certe
606 4088 727 4155 indicio
755 4110 822 4174 quo
848 4108 870 4154 a
894 4088 1085 4155 celebriore
1112 4083 1238 4171 oppido
1263 4082 1380 4149 distin-

268 4222 424 4297 gneretur
458 4220 492 4276 et
528 4206 776 4296 coryphasium
804 4209 839 4272 iu
872 4205 1049 4274 Messenia
1081 4212 1196 4269 notum
1226 4197 1282 4266 hic
1311 4197 1381 4268 looi

267 4350 407 4416 promus
438 4337 495 4394 est
518 4325 717 4407 inauditum,
742 4327 788 4392 ita
814 4336 853 4398 ut
875 4325 1010 4392 Curtius
1037 4323 1080 4387 de
1100 4317 1263 4386 Methana
1287 4317 1381 4406 cogi·

269 4449 391 4516 tarerit.
442 4443 661 4512 Praeierrem
688 4443 843 4532 equidem
869 4441 949 4509 huic
973 4440 1095 4508 rationi
1126 4459 1202 4506 caru
1225 4448 1263 4504 ut
1294 4427 1382 4505 seri-

270 4561 389 4634 berem:
419 4559 723 4657 comicamque
747 4559 946 4650 wlcan
966 4553 1094 4651 Atqu,
1123 4556 1188 4624 nisi
1213 4556 1247 4624 in
1274 4565 1382 4624 traua·
