3700 5625
449 653 474 720 6
908 649 1090 741 Mincio.

419 907 423 912 .
455 842 591 909 additae
617 849 752 920 essent,
776 840 810 905 in
836 810 955 927 ipsam
968 838 1064 907 Plinii
1096 839 1282 907 orationem
1309 839 1471 925 paulatim
1491 840 1575 905 irre·

455 969 718 1045 pserunt,.opus
740 956 968 1031 diliicilliurum
988 969 1275 1043 corrumpereturt
1319 960 1370 1027 ltu
1390 957 1472 1045 §a
1494 967 1578 1043 post

455 1079 563 1146 verba
580 1078 731 1145 Lucilius
751 1078 811 1173 qui
827 1078 954 1165 prtinus
974 1076 1123 1155 condiub't
1141 1076 1210 1141 stili
1226 1098 1344 1141 nutum
1364 1080 1398 1145 iu
1419 1077 1577 1143 omnibus

454 1196 547 1289 libris
566 1198 673 1283 Mss,
694 1217 835 1282 quornm
856 1194 1018 1261 lectiones
1040 1196 1188 1283 Silligius
1211 1197 1408 1283 exscripsit,
1426 1198 1577 1281 ineptum

456 1316 590 1382 additur
603 1317 950 1403 interpretamentum:
969 1317 1090 1403 „quasi
1104 1317 1299 1383 abusionem
1316 1327 1349 1382 et
1360 1314 1578 1403 vituperatio·

456 1454 552 1512 nem3
571 1435 703 1519 ,primus
728 1434 816 1509 ,enim
839 1404 1012 1511 satiricum
1038 1454 1173 1501 carmen
1199 1436 1421 1521 conscripsit,
1449 1437 1482 1501 iu
1508 1454 1577 1521 quo

456 1553 570 1641 utique
592 1554 791 1640 vituperatio
806 1553 1070 1639 uniuscuiusque
1095 1554 1295 1623 continetur.
1322 1555 1449 1619 Nasum
1465 1556 1578 1619 utitem

458 1672 551 1751 dixit,
572 1645 938 1760 quodvituperationis
959 1674 1090 1759 signum
1111 1673 1168 1740 vel
1194 1672 1336 1749 maxime
1358 1692 1443 1738 naso
1467 1670 1578 1738 decla·

360 1845 365 1862 Χ
458 1790 631 1889 innume
662 1792 746 1859 nen
767 1792 799 1881 c.
813 1790 861 1856 ιο.
883 1791 928 1853 au
948 1768 1053 1856 veria
1073 1791 1186 1871 eitun:
1210 1792 1292 1856 aueo
1311 1812 1474 1865 amttam
1489 1791 1577 1886 quu-

458 1930 523 2004 que
543 1928 665 1973 causae
684 1932 766 1974 suae
788 1906 930 1973 iudicem
949 1905 1033 1996 fucit
1053 1931 1296 2007 quancunque,
1317 1930 1391 1973 cum
1409 1907 1496 1999 clepit
1516 1910 1578 1975 ad·

458 2028 630 2095 scribitur:
652 2031 764 2117 „unde
776 2030 974 2114 provocatio
989 2026 1209 2114 appellatur.“
1238 2026 1395 2093 Similiter
1416 2026 1472 2093 hic
1494 2048 1577 2115 quo-

458 2167 525 2235 que
551 2168 684 2245 vocemv
703 2146 920 2242 litigatoribus
949 2148 1064 2213 verbis
1094 2149 1127 2213 in
1159 2145 1424 2232 interrogatione
1457 2126 1578 2231 positis

457 2264 583 2331 homini
605 2267 790 2333 semidooto
814 2264 986 2351 explicare
1006 2264 1110 2347 libuit,
1131 2265 1251 2352 quibus
1272 2264 1389 2330 eiectis
1405 2284 1499 2330 suam
1515 2263 1579 2330 Pli-

458 2381 515 2447 nio
543 2380 745 2469 elegantiam
775 2386 990 2451 restituimus.
1052 2385 1138 2457 Nam
1169 2406 1211 2449 ne
1243 2387 1318 2473 quis
1347 2384 1580 2469 interrogandi
1665 2438 1666 2445 ,

458 2500 673 2573 vivacitatem
695 2523 716 2569 a
739 2502 957 2589 grammatico
984 2502 1128 2581 alienam
1160 2522 1239 2569 esse
1260 2503 1400 2587 indicet,
1428 2502 1576 2569 Pseudo·

457 2618 645 2711 Asconium
666 2621 851 2688 contulisse
875 2620 1034 2703 sufficiat,
1056 2622 1112 2707 qui
1133 2620 1178 2686 ad
1199 2621 1300 2688 Verr.
1320 2622 1343 2686 l.
1364 2623 1395 2687 2.
1411 2622 1442 2688 5·
1463 2623 1577 2709 „Quid

460 2747 531 2817 est,
552 2739 672 2828 inquit,
692 2761 787 2807 reum
810 2740 883 2807 fieri
907 2742 972 2807 nisi
994 2742 1083 2828 apnd
1107 2751 1295 2828 praetorem
1317 2740 1449 2842 legibus
1472 2743 1577 2809 inter-

416 2857 626 2945 4rogarii“
661 2860 759 2942 ‚loen
789 2859 939 2928 fortasse
971 2859 1062 2927 valet
1090 2862 1132 2926 de
1162 2861 1193 2948 §.
1218 2861 1268 2927 ll.
1299 2862 1355 2927 ubi
1380 2861 1414 2928 in
1439 2860 1576 2947 vulgata

459 2975 644 3061 scriptura:
835 2964 838 2970 ¹
885 2963 888 2969 ¹

512 3129 655 3206 Verum
682 3131 740 3209 diu
773 3134 869 3209 lacte
901 3111 1033 3208 rustici
1068 3131 1357 3237 [multaeque
1387 3133 1572 3238 gentes]
1664 3167 1665 3248 j

510 3268 779 3386 ¹supplicant
805 3279 844 3346 et
859 3271 956 3346 molo
975 3279 1116 3345 tanturn
1135 3271 1233 3345 salsa
1254 3269 1392 3348 litant
1412 3271 1475 3372 qui
1500 3296 1576 3347 non

510 3401 648 3479 habent
672 3415 768 3481 tura.

460 3555 600 3621 verbum
619 3556 804 3643 supplicant
823 3575 843 3621 a
863 3557 958 3623 libris
973 3557 1062 3625 Mss.
1083 3565 1221 3640 praeter
1236 3556 1444 3642 Pragensem
1467 3557 1576 3642 abest,

460 3674 562 3742 lanus
583 3675 617 3738 in
640 3677 746 3742 diurn.
764 3677 868 3761 antiq.
883 3675 977 3742 1849.
1000 3697 1033 3761 p.
1048 3674 1120 3742 454,
1148 3677 1207 3768 qui
1230 3687 1329 3744 acute
1344 3679 1383 3743 'in
1403 3678 1485 3772 quio
1507 3697 1575 3743 mu-
1663 3649 1664 3704 l

460 3794 560 3873 tavit,
586 3795 668 3860 milri
692 3796 805 3879 potius
827 3794 1059 3889 multaeque
1083 3803 1224 3884 pentes
1251 3818 1294 3866 ex
1318 3795 1575 3882 interpolatione

461 3917 741 3997 ortumvitieturu'
767 3915 855 3982 sicut
880 3912 1077 3981 alterutrum
1098 3916 1235 3982 verbum
1257 3937 1276 3982 e
1298 3917 1392 3994 varia
1413 3905 1573 3986 lectione·

462 4023 620 4111 Plerique
647 4032 735 4098 enim
762 4035 900 4101 codices
931 4044 1120 4118 utrumque
1134 4036 1304 4115 omittunt,
1336 4037 1431 4128 prius
1460 4057 1480 4104 e
1506 4057 1574 4106 me·
1662 4109 1663 4124 ¹

462 4142 601 4213 lioribus
621 4151 660 4237 ri,
680 4152 851 4238 posterius
866 4152 1060 4238 Progensis.
1088 4149 1227 4219 Scilicet
1243 4153 1449 4240 inmarglnu
1461 4154 1576 4224 cutbe-
1662 4159 1663 4163 ’

462 4267 535 4349 typi
555 4269 759 4358 adsmiptum
778 4272 885 4338 fuisse
905 4269 1038 4338 videtur
1060 4291 1247 4340 surrnrcnnr
1268 4296 1326 4338 cuv
1345 4295 1471 4340 urrann.

422 4402 445 4468 5
536 4411 666 4481 Eodem
678 4415 778 4482 modo
793 4415 1002 4521 §.laceror
1016 4406 1079 4511 [id
1094 4416 1167 4483 est
1187 4406 1462 4511 nocturniu],
1485 4433 1574 4503 quae

461 4528 495 4593 in
514 4531 617 4596 codd.
637 4531 787 4599 Mnrbac.
817 4545 851 4600 et
872 4534 1029 4601 Ambroa
1051 4533 1076 4600 1.
1096 4534 1134 4600 ll.
1158 4533 1295 4618 desunt,
1326 4533 1471 4602 dolenda
1495 4555 1574 4603 cosa
1661 4555 1662 4610 ξ

462 4667 596 4714 censeo.
627 4626 729 4724 Quod
751 4652 838 4718 enim
852 4673 872 4719 e
885 4652 1040 4738 proximo
1062 4641 1232 4720 enuntiato
1252 4651 1372 4734 elucet,
1392 4652 1574 4721 subseciva
