3700 5625
701 579 802 652 Ister
819 581 888 649 IX.
1286 583 1349 650 tbt

248 768 481 836 emendandam
504 787 583 836 esse
604 777 866 836 consentaneam
885 777 948 834 est
975 767 1061 834 llam
1073 769 1350 836 cancriaonuoi·
1459 801 1462 807 ¹

245 891 327 956 versi
337 902 459 956 contra
469 887 591 956 fluctus
603 899 722 958 nature
736 888 990 978 aggrediuntur,
999 888 1062 955 sed
1075 888 1132 954 ubi
1143 885 1349 973 singolorum

247 1018 380 1075 conotus
396 1009 510 1076 irritus
533 1007 665 1088 mansit,
686 1015 778 1082 terra
798 1005 968 1073 incedunt.
1007 1004 1139 1072 Deinde
1158 1008 1348 1092 asyndeton

247 1126 409 1211 displicett
432 1126 725 1212 atqueverborum
749 1123 898 1190 ordinem
921 1110 1102 1211 antiquitus
1121 1125 1349 1210 perturbatum

246 1243 342 1311 fuisse
365 1245 442 1312 cod
465 1246 486 1309 d
511 1242 685 1330 probabile
707 1243 760 1322 fir,
787 1245 842 1331 qui
869 1245 977 1310 verbo
1003 1242 1183 1338 aliquando
1203 1245 1352 1309 κείνω·

247 1366 372 1430 inverso
401 1365 520 1431 ordine
549 1364 695 1432 exhibet.
754 1363 1033 1450 Transpositione
1060 1363 1159 1448 igitur
1192 1365 1349 1430 utendum

248 1494 346 1550 estet
368 1483 503 1570 syllaba
525 1483 573 1549 oli
592 1485 625 1550 in
646 1485 677 1548 ai
697 1497 854 1552 correcta
876 1483 1110 1550 scribendum

288 1603 442 1668 Uuiucrsi
453 1612 704 1694 conprepurttur,
721 1602 756 1665 ai
775 1600 939 1698 quondo
961 1622 996 1664 oo
1013 1600 1112 1664 Ponti
1124 1599 1274 1663 euincere
1288 1598 1349 1665 rel.

249 1720 368 1796 Quodsi
385 1719 434 1784 oli
447 1721 580 1787 omnino
598 1721 741 1786 delenda
756 1729 897 1786 censeat
914 1718 1046 1805 aliquis,
1060 1740 1128 1784 nou
1143 1720 1349 1806 repugnabo.

655 1920 858 2017 108=35,
871 1919 934 1996 54.
1276 1991 1282 2016 .
1368 1971 1431 2038 rou

290 2076 399 2150 -si
429 2075 610 2174 iungeret,
646 2071 838 2172 comprimi
866 2072 1026 2149 conchae
1040 2068 1100 2148 'ac
1126 2098 1195 2174 pro
1221 2071 1351 2148 ieiunii

292 2211 400 2290 modo
433 2210 880 2304 miuui31iveroetium
906 2210 1099 2305 tonuerit‚>
1127 2210 1278 2311 putidus
1304 2234 1348 2285 ac

292 2359 447 2451 repente
462 2371 694 2447 compressas
708 2369 800 2446 quae
810 2355 944 2422 vocant
955 2342 1173 2447 physemata
1184 2345 1350 2442 efficere,

291 2484 467 2586 speciem
483 2482 593 2558 modo
605 2479 704 2558 inani
716 2479 889 2556 inflatum
904 2481 984 2557 siue
1001 2483 1253 2584 corpore;hos
1265 2508 1350 2559 esse

294 2620 515 2696 concharum
543 2620 704 2694 abortus.

322 2771 421 2858 lpsas
435 2770 633 2857 margaritas
646 2772 765 2835 inanes
785 2766 966 2855 peripteroe
986 2788 1065 2835 esse
1087 2780 1351 2840 cousentaneum

255 2902 305 2969 est,
326 2892 406 2979 quid
425 2912 509 2959 vero
526 2890 606 2959 illud
620 2892 720 2958 inane
739 2890 783 2957 sit
796 2912 863 2977 quo
876 2890 1033 2959 inflentur
1046 2889 1212 2969 conchae,
1223 2890 1352 2977 nescio,

254 3010 307 3073 nisi
320 3012 429 3096 ipsam
446 3011 646 3096 margaritae
662 3008 820 3093 speciem.
849 3008 964 3094 ltaque
974 3006 1111 3093 vulgata
1131 3006 1233 3075 leutio
1253 3030 1352 3095 quarn

256 3128 332 3193 dedit
347 3128 510 3213 Silligius,
525 3127 624 3194 valde
634 3126 840 3211 displiceret,
855 3125 985 3191 etiamsi
1000 3126 1152 3200 omuibus
1168 3125 1353 3193 librisMss.

256 3248 488 3315 defenderetur.
532 3247 631 3313 Nunc
651 3267 733 3313 vero
749 3246 912 3331 perpauci
934 3256 1060 3313 tantum
1080 3246 1217 3313 codices
1238 3246 1353 3337 uulgu-

256 3377 352 3447 gatum
376 3376 529 3444 tuentur,
559 3364 592 3429 in
613 3363 724 3435 notu
754 3365 788 3429 id
809 3374 861 3430 est
888 3363 921 3429 in
943 3366 1075 3450 optimis
1099 3366 1284 3453 quibusque
1305 3364 1354 3433 le·

256 3484 330 3565 gitur
348 3481 499 3576 inflatae,
526 3483 558 3547 in
579 3482 634 3549 ΘΤ
649 3482 764 3570 specie.
809 3482 908 3547 Unde
923 3483 1061 3569 egregia
1079 3480 1222 3553 efficitur
1236 3484 1354 3553 lectio:

496 3599 622 3687 specie
642 3597 737 3664 niodo
758 3598 854 3663 inani
873 3595 1017 3689 inflatos
1039 3636 1099 3680 —,

258 3717 397 3784 conchae
429 3717 516 3783 enim
545 3737 615 3783 noa
638 3736 756 3783 uerum
784 3716 942 3783 unionem
968 3718 1032 3783 sed
1058 3721 1208 3806 speciem
1228 3730 1354 3787 tautum

258 3835 317 3903 eius
336 3838 474 3903 inanem
492 3834 693 3921 concipiunt.

327 3993 362 4057 ln
382 3993 539 4079 proximo
561 4010 666 4057 sensu
688 4008 763 4055 curu
776 3987 945 4055 Salmasio
960 4013 992 4075 p.
1007 3988 1099 4055 1133.
1121 4000 1274 4056 evetore
1296 4014 1351 4059 co

260 4108 323 4175 dice
338 4111 553 4177 scribendum
566 4129 644 4177 esse
661 4108 806 4176 arbitror
822 4109 954 4192 mirum,
975 4109 1063 4196 quod
1076 4108 1175 4175 etiam
1188 4112 1251 4176 sub
1266 4134 1354 4181 voce

259 4227 329 4291 niro
349 4248 449 4317 quam
465 4228 497 4293 R
511 4238 545 4293 et
559 4229 580 4291 d
596 4226 765 4307 exhibent,
786 4224 893 4291 lutere
908 4226 1051 4309 videtur,
1074 4248 1213 4315 quorum
1234 4212 1355 4304 arche·
1412 4215 1416 4224 ¹

258 4352 346 4431 typus
370 4332 462 4413 miro
475 4346 635 4412 babuisse
654 4346 821 4431 putandus
843 4355 906 4411 est.
