3700 5625
487 766 530 836 76
883 797 886 804 ¹
941 771 1029 833 Liber
1056 771 1147 835 XIX.

488 964 634 1031 Straclrio
655 939 796 1032 refutata
817 974 899 1032 sunt.
944 968 987 1033 Et
1009 969 1155 1034 Straokio
1178 968 1306 1054 quidem
1331 968 1459 1034 omnino
1480 989 1578 1033 assen-

407 1148 416 1153 .
487 1083 550 1148 tior
571 1105 643 1148 cum
675 1090 701 1147 is
720 1085 754 1149 in
784 1091 821 1149 iis
842 1091 950 1165 quibos
986 1090 1062 1165 (sen
1083 1087 1190 1172 potius
1213 1092 1297 1165 qai's)
1332 1086 1480 1152 mutavit:
1512 1086 1578 1150 illud

404 1213 425 1270 ,’
487 1201 643 1286 improbo,
661 1202 746 1287 quod
769 1202 923 1269 vocimox
947 1204 1061 1269 audaci
1084 1204 1267 1268 coniectura
1290 1203 1424 1267 alteram
1447 1200 1493 1267 lea
1515 1203 1579 1267 sub·

487 1318 599 1383 stituit.
642 1318 723 1383 Toto
753 1319 837 1384 enim
864 1322 939 1385 loco
963 1322 1084 1384 Plinius
1105 1320 1299 1405 Vespasiani
1329 1341 1494 1385 censuram
1520 1319 1578 1383 lau-

487 1435 589 1517 davit,
618 1456 681 1521 qua
714 1438 921 1502 constitutum
951 1434 1077 1503 videtur¹
1105 1446 1234 1502 esseut
1264 1438 1370 1502 levato
1392 1437 1445 1504 vel
1466 1437 1578 1501 sublato

488 1553 629 1617 edulium
650 1554 799 1641 vectigali
821 1554 878 1639 (of.
891 1554 1087 1640 Marquardt.
1102 1554 1200 1639 antiq.
1222 1554 1281 1619 ΠΙ.
1296 1555 1315 1622 2
1331 1576 1362 1639 p.
1374 1555 1453 1637 208)
1472 1562 1579 1619 certum
1642 1620 1643 1625 ,

487 1669 648 1757 quoddam
681 1672 834 1738 tributum
866 1694 887 1737 a
907 1672 967 1736 soli
999 1672 1238 1757 possessoribus
1274 1672 1474 1756 exigeretur,
1505 1670 1580 1758 quod
1630 1728 1633 1735 ,

488 1789 582 1872 qualo
613 1788 710 1853 luerit
738 1796 771 1854 et
805 1810 867 1875 quo
899 1808 1002 1875 usquc
1038 1789 1250 1873 permanserit
1282 1789 1477 1873 ignoramus.
1517 1788 1580 1853 Hoc

488 1904 573 1968 enim
594 1905 712 1971 tributo
741 1907 890 1972 effectum
912 1914 962 1971 est
994 1912 1030 1969 ut
1054 1924 1093 1969 ea
1114 1906 1227 1991 pensio
1256 1926 1339 1991 quae
1362 1928 1534 1993 pauperum
1552 1906 1579 1969 in

487 2024 620 2088 macello
662 2024 767 2089 fuerat
799 2024 840 2089 ab
874 2025 913 2088 iis
943 2024 1136 2109 exigieretur
1169 2024 1202 2088 in
1235 2044 1369 2109 quorum
1399 2024 1483 2111 agris
1504 2024 1579 2087 olera

486 2124 866 2226 macelli‘prov'enirent.
921 2141 1056 2223 ‚Tutius‘
1099 2141 1184 2204 enim
1226 2147 1294 2204 tum
1337 2161 1452 2206 census
1493 2140 1577 2204 habe-

470 2255 596 2337 ssbatur,
618 2277 689 2320 cum
712 2259 753 2340 ,in
776 2259 844 2323 solo
866 2258 1012 2344 spoilsor‘
1035 2262 1137 2339 asset,
1166 2258 1299 2341 ,minore
1327 2258 1475 2323 fortunae
1499 2257 1577 2335 iure‘,

487 2394 560 2438 cum
583 2395 649 2437 nou
677 2377 798 2439 incerta
826 2377 1031 2460 navigatione
1063 2376 1120 2440 sed
1151 2358 1339 2461 ,superficic‘
1367 2376 1578 2452 contineretu,

410 2527 413 2534 ,
486 2492 743 2577 ,quaestuosius‘,
771 2514 843 2557 oum
874 2470 984 2558 eorum
1013 2493 1143 2577 ,reditis
1167 2492 1225 2556 sub
1249 2492 1313 2556 dio‘
1340 2494 1359 2559 i.
1384 2513 1411 2557 e.
1433 2493 1535 2579 palam
1553 2496 1588 2565 et,

487 2616 575 2673 certo
598 2615 768 2677 constaret.
812 2610 902 2685 Quae
924 2628 1023 2697 quum
1051 2611 1158 2674 omnia
1180 2610 1223 2674 ad
1254 2631 1385 2675 censum
1406 2610 1578 2688 referantm,

485 2726 540 2789 illa
562 2747 687 2813 quoquo
716 2747 798 2813 quas
830 2728 936 2813 plebei
963 2727 1158 2813 promittitur
1180 2728 1358 2814 aequalitas
1390 2728 1431 2793 ad
1462 2746 1578 2792 censum

486 2850 633 2930 spectare
654 2845 799 2930 putanda
822 2853 880 2911 est.
924 2845 1113 2910 Perficietur
1139 2845 1236 2932 igitur
1268 2846 1363 2910 huius
1394 2847 1459 2911 loci
1486 2864 1578 2910 emen·

485 2960 572 3027 datio
602 2981 623 3026 a
650 2957 771 3049 Silligio
801 2969 834 3027 et
866 2963 1012 3028 Straclrio
1040 2962 1209 3045 inchoata,
1237 2985 1309 3028 cum
1332 2963 1430 3028 verbo
1454 2966 1578 3040 aequabit

485 3101 577 3145 suum
604 3080 782 3145 subiectum
805 3080 983 3147 reddideris
1006 3088 1038 3146 et
1060 3081 1242 3167 scripseris:

525 3217 597 3264 mox
618 3204 694 3262 enim
715 3219 853 3263 censos
874 3203 1018 3277 aequabit
1035 3198 1093 3264 rel.

403 3401 466 3471 394
509 3392 511 3395 '
931 3361 980 3434 58
997 3361 1146 3447 :Mil-

534 3489 640 3567 llorti
664 3490 822 3566 maxime
863 3488 1083 3590 placebant,
1124 3487 1211 3588 quia
1236 3512 1311 3598 non
1336 3496 1492 3588 egerent
1513 3485 1577 3587 igni

536 3665 583 3678 -
608 3665 655 3678 -
684 3623 783 3699 unde
810 3629 847 3698 at
873 3613 1033 3699 acetaria
1058 3619 1314 3722 appellantur«,
1354 3621 1479 3698 facilia
1503 3642 1577 3698 con-

537 3754 648 3854 coqui
686 3768 757 3833 nee
789 3761 984 3832 oneratura
1022 3777 1172 3831 sensum
1219 3753 1302 3832 cibo
1331 3759 1368 3830 et
1405 3777 1501 3854 quae
1524 3749 1576 3828 mi·
1642 3773 1643 3796 ¹

534 3888 631 3964 nime
675 3889 925 3966 accenderent
964 3885 1189 3963 desiderium
1230 3887 1346 3986 panis.
1401 3885 1492 3964 Pars
1525 3907 1576 3962 eo·

536 4044 617 4097 rum
641 4020 705 4097 rel.
813 4017 819 4021 ’

587 4151 626 4215 In
673 4153 762 4217 initio
805 4171 918 4217 vocem
960 4125 1042 4215 lorti
1084 4149 1267 4236 genetivum
1310 4169 1381 4213 asso
1426 4147 1573 4214 Straolrius

485 4275 573 4335 recte
616 4270 856 4352 animadvertit,
901 4274 1042 4333 cetorum
1083 4273 1211 4352 praeter
1250 4265 1477 4330 necessitatem
1516 4269 1572 4344 qaia

486 4390 519 4452 in
540 4407 616 4466 qaae
635 4387 784 4470 mutarit,
828 4407 927 4473 quum
954 4386 1007 4450 ille
1034 4385 1203 4470 genetivus
1225 4382 1266 4447 ad
1293 4381 1465 4482 usuales,
1506 4397 1571 4468 quae

485 4505 516 4568 in
542 4503 705 4589 superiore
727 4524 825 4568 sensu
856 4504 989 4590 legitur,
1018 4502 1182 4568 referatur.
1226 4501 1362 4566 Gravius
1384 4497 1529 4566 mendum
1546 4497 1570 4560 in

485 4623 549 4686 fine
579 4621 757 4685 sententiae
784 4621 830 4685 ab
855 4642 920 4685 unc
953 4621 1102 4686 Pintiano
1133 4619 1369 4704 deprehensum
1405 4624 1463 4684 est.
1503 4612 1569 4682 Fieri

486 4740 571 4805 enim
590 4758 656 4802 nou
675 4739 790 4824 potuit,
820 4745 856 4803 ut
878 4735 1010 4824 apanis
1032 4736 1189 4802 desiderio
1210 4735 1306 4822 prisci
1329 4735 1465 4801 Romani
1487 4752 1561 4800 care·
