3700 5625
707 761 797 826 ceter
817 765 927 828 XXII.
1315 762 1377 831 11·7

268 960 314 1024 bis
335 959 509 1046 pompeo
533 960 664 1054 prostoci,¹
684 959 773 1044 ἄνθη
802 964 932 1038 (lentur
963 959 1083 1024 codicis
1105 959 1143 1040 d,
1177 965 1283 1047 neque
1316 961 1378 1026 hoc

267 1099 322 1142 nos
345 1076 523 1143 morabitur
543 1077 628 1163 quod
649 1077 728 1142 solie
749 1079 836 1142 floris
858 1098 931 1142 curn
953 1099 1114 1142 rumorum
1133 1077 1220 1142 loliis
1242 1078 1376 1142 oPlinio

267 1201 500 1279 permutantur.
543 1194 597 1258 Sic
619 1195 716 1280 igitur
736 1194 876 1259 Plinium
898 1195 1066 1280 scripsisse
1088 1195 1237 1260 arbitror:

305 1317 342 1378 G.
365 1332 393 1376 e.
414 1317 476 1374 trio
495 1316 643 1387 fronde
664 1322 776 1376 tuntum
799 1317 830 1377 d.
845 1336 881 1393 p.
903 1335 933 1376 n.
954 1331 995 1394 e.‚
1027 1319 1133 1392 parvis
1152 1318 1268 1389 soliis
1289 1324 1378 1377 rutae

303 1434 460 1511 similibus,
480 1432 649 1505 floribus
666 1435 807 1494 candidis
828 1435 889 1496 etc.

305 1547 452 1611 Similem
479 1547 628 1612 lacunam
649 1548 682 1612 in
715 1549 868 1634 proximis
889 1527 996 1613 verbis
1031 1547 1271 1634 deprehendere
1298 1547 1377 1612 mihi

267 1663 387 1731 videor.
1457 1701 1459 1708 ·

663 1787 676 1802 ·
706 1753 970 1838 54=2l,2o.v
1396 1745 1458 1817 479

310 1874 507 1978 pellunt..
535 1891 722 1957 menstrua
747 1882 784 1956 in
813 1886 901 1980 potu
918 1887 955 1956 et
968 1880 1106 1956 urinam
1122 1878 1374 1978 calculosque.

200 2037 205 2046 ·
311 2013 537 2100 lnflationeS,
565 2012 768 2090 iocinerum
798 2015 894 2101 vitia,
922 2011 1032 2089 bilem
1061 2014 1247 2103 sullusern,
1273 2013 1376 2111 aegi-

312 2148 416 2248 lopia
443 2146 768 2236 commanducata,
796 2145 961 2223 ulcerum
986 2147 1198 2245 eruptiones
1225 2168 1375 2222 manan-

314 2289 374 2357 tes
402 2290 517 2355 sanat.

349 2412 580 2499 θεραπεύουσι
603 2414 641 2478 δὲ
662 2416 718 2477 καὶ
739 2409 917 2492 αἶγιλώπια
939 2410 1268 2494 καταπλασσόμεναι,
1300 2411 1375 2476 δια-

269 2531 485 2613 μασσώμεναι
507 2530 545 2594 δὲ
568 2535 625 2595 καὶ
645 2529 762 2613 diodor
784 2527 909 2608 ἰῶνται,
942 2527 1156 2616 ,Dioscorides
1177 2530 1196 2593 l.
1219 2529 1239 2591 l.
1263 2526 1375 2613 Sequi·

196 2658 197 2661 ’
269 2658 317 2714 tur
338 2619 632 2732 interpungendum
654 2665 726 2709 esse
748 2621 820 2730 post
842 2668 869 2708 v.
895 2652 1057 2726 aepilopic,
1080 2666 1142 2731 quo
1166 2644 1249 2709 lacto
1272 2645 1375 2730 prime

269 2766 366 2830 rerb'c
388 2785 459 2829 oum
484 2757 642 2849 prioribus
664 2763 890 2849 coniungenda
916 2771 1025 2847 erunt,
1054 2740 1168 2850 quibus
1190 2770 1284 2853 potus
1307 2760 1341 2827 el
1361 2797 1374 2810 ·

271 2885 357 2948 cocio
379 2882 585 2963 describitur,
613 2880 684 2945 roci
713 2889 818 2943 entem
842 2888 992 2962 oepilopr'o
1022 2904 1051 2946 v.
1079 2888 1154 2947 illita
1182 2901 1245 2969 quo
1272 2906 1376 2945 κατα-

270 2999 501 3085 πλασσόμεναι
525 2999 720 3082 exprimatur
742 2998 923 3063 addendum
946 3021 1039 3064 esse:

307 3124 423 3197 pellunt
444 3167 451 3180 .
475 3166 483 3181 .
505 3138 542 3180 m.
560 3122 580 3179 i.
596 3138 630 3195 p.
654 3135 679 3179 e.
703 3114 954 3196 osculenturque,r
977 3123 1146 3195 inflationes
1167 3122 1186 3179 i.
1210 3136 1237 3178 v.
1262 3120 1289 3178 b.
1310 3120 1374 3191 sus·

308 3238 419 3315 susam,
438 3228 591 3313 oeqilepr'u
605 3238 722 3315 illita,
740 3240 992 3299 commanducato
1004 3242 1134 3297 ulcerum
1150 3254 1176 3298 e.
1189 3254 1227 3297 m.
1239 3241 1375 3299 canunt.

351 3351 380 3435 §-
402 3351 443 3419 59
464 3372 522 3436 pro
551 3355 635 3429 quod
660 3356 791 3413 oderim
814 3351 930 3416 'vocent
956 3352 1045 3438 lege:
1078 3373 1166 3431 quom
1187 3374 1212 3415 s.
1234 3370 1261 3414 c.
1284 3350 1312 3435 §-
1335 3347 1376 3416 67

274 3488 342 3532 cum
365 3468 535 3533 Hordnino
557 3467 630 3553 lege
652 3472 788 3558 booten.
857 3518 860 3538 .
932 3492 935 3499 ·

417 3615 422 3620 ·
494 3592 540 3662 69
570 3609 603 3639 =
632 3590 752 3673 2232.
807 3585 875 3678 (de
902 3584 1147 3687 asphodelo).

319 3715 407 3791 Fere
432 3717 468 3791 ln
497 3740 732 3816 quocumque
754 3719 882 3795 morbo
898 3719 1018 3819 magis
1033 3716 1200 3795 decoctis
1216 3722 1375 3791 utuntur.

352 3851 454 3933 Magis
477 3869 572 3933 quum
595 3871 659 3939 que
678 3850 735 3915 rel
777 3870 883 3913 nonne
905 3852 1004 3915 etiem
1026 3850 1096 3914 aliis
1117 3847 1221 3913 modis
1242 3847 1373 3933 egregio

277 3964 385 4029 ellectu
407 3942 617 4051 asphodelum
640 3967 784 4030 adhiberi
805 3968 874 4051 ipse
895 3967 1018 4029 Plinius
1044 3965 1163 4030 refert?
1185 3962 1374 4049 Legendum

277 4089 443 4164 estmnet,
467 4103 601 4167 quorum
618 4082 652 4145 in
671 4080 721 4146 his
734 4084 822 4147 libris
835 4084 949 4170 quibus
971 4081 1010 4147 de
1024 4080 1183 4147 medicina
1204 4081 1375 4145 herbarum

278 4200 389 4282 agitur,
410 4200 562 4284 frequens
585 4207 635 4263 est
656 4200 786 4265 mentio.

478 4315 619 4380 Ibidem:
703 4367 709 4377 ,

324 4430 440 4509 Sucus
467 4456 617 4535 quoque
643 4490 652 4507 .
679 4491 689 4509 .
717 4491 726 4507 .
756 4432 853 4544 utilis
880 4433 918 4509 fit
948 4431 1115 4533 corporis
1143 4429 1263 4509 dolori
1290 4453 1373 4507 cum

326 4564 441 4656 nelle,
467 4565 566 4642 idern
593 4566 747 4643 odorem
780 4567 947 4669 corporis
972 4565 1174 4643 iucundum
1200 4565 1374 4645 allectan-

324 4698 416 4775 tibus
442 4706 513 4777 etc.
637 4737 640 4744 ⁴

1393 4371 1523 4468 re1'
