3700 5625
747 767 838 838 lton
858 774 966 837 rrrr.
1344 754 1404 837 itt

345 969 617 1070 Hippocraten,
653 983 749 1068 qnae
775 987 876 1046 nnnc
908 981 1038 1045 omnes
1063 969 1100 1042 in
1131 951 1262 1042 alicam
1287 971 1404 1040 trans-

195 1115 200 1124 ·
302 1109 308 1116 ’
350 1110 463 1192 eunt,
490 1102 627 1202 quanto
653 1100 886 1179 innocentior
910 1097 1015 1176 alica.
1127 1083 1132 1090 ’

381 1233 435 1298 Ad
456 1231 597 1298 hiulcam
616 1253 827 1319 mennamque
844 1232 1020 1296 orationem
1043 1229 1234 1316 explendam
1257 1231 1321 1292 noir
1341 1220 1404 1290 sul·
1453 1207 1457 1216 ⁴

293 1351 363 1416 ficit
384 1351 472 1438 quod
493 1349 590 1414 lanus
602 1355 675 1436 post
692 1324 870 1414 extremum
882 1337 1072 1413 vocabulum
1087 1348 1195 1433 posuit
1205 1337 1406 1412 exclamandi

294 1469 437 1554 signum.
480 1463 706 1554 Comparativo
728 1467 813 1530 enim
835 1466 1106 1551 comparationem
1123 1465 1223 1529 alicae
1246 1470 1278 1528 et
1294 1445 1406 1527 hordei

292 1584 418 1651 factam
454 1605 526 1650 esse
561 1584 785 1670 comprobatur
818 1604 897 1649 voce
926 1594 1051 1665 conco,
1085 1603 1168 1669 quae
1200 1581 1234 1644 in
1272 1579 1342 1645 cod.
1375 1577 1407 1642 R

293 1704 426 1801 legitpr.
480 1704 594 1788 Itaque
638 1709 694 1766 aut
733 1701 849 1766 lacuna
890 1698 1047 1766 indicetur
1090 1681 1145 1764 aut
1185 1693 1275 1764 locus
1311 1716 1405 1782 quae-

293 1829 388 1886 ratur
410 1825 557 1905 oportet,
585 1840 647 1906 quc
670 1819 743 1884 talio
773 1824 857 1902 qrtae
878 1818 1040 1883 sententia
1060 1818 1221 1903 flagitatur
1241 1814 1405 1897 utriusque
1496 1845 1506 1862 s

293 1936 429 2020 generis
450 1937 647 2021 comparatio
668 1935 815 2002 instituto
836 1951 909 1999 enno
930 1934 1085 2000 videatur.
1113 1931 1175 2009 Qui
1189 1950 1231 2018 ¹ro
1252 1951 1330 1997 vcra
1351 1951 1406 1995 ex·

292 2060 364 2118 atat
383 2053 437 2123 ibi,
460 2052 516 2117 ubi
537 2053 668 2117 verbum
692 2059 782 2116 vetuit
803 2053 836 2117 in
857 2051 947 2116 libris
969 2051 1000 2115 R
1018 2051 1045 2115 V
1063 2052 1084 2116 d
1106 2052 1241 2137 legitur,
1277 2049 1317 2113 eb
1340 2046 1406 2111 edi·

293 2171 424 2235 toribus
445 2170 520 2234 ideo
542 2169 682 2236 deletum
705 2178 764 2252 ent,
787 2168 872 2256 qnod
894 2165 991 2254 panio
1009 2175 1083 2233 ante
1105 2169 1257 2254 scriptum
1278 2177 1405 2250 repere-

291 2295 380 2354 rant
424 2286 477 2351 Ita
510 2287 596 2350 onim
624 2289 730 2372 porgit
756 2287 895 2376 Plininc:
933 2291 1134 2366 Harpocraten
1156 2301 1192 2332 '-
1214 2289 1407 2349 sorbitionem

191 2396 192 2401 ’
292 2397 397 2468 tanen
406 2409 478 2468 dont
490 2416 583 2468 toton
593 2410 682 2469 cernit
695 2399 813 2468 wncne
825 2421 914 2483 paon
924 2423 1030 2468 socom
1043 2409 1168 2484 monne,
1180 2413 1285 2467 contro
1294 2411 1408 2480 ononto

292 2527 504 2587 innocentiora
519 2527 624 2585 otico!
644 2526 719 2585 Itan
734 2529 825 2586 vetnit
844 2527 989 2602 permoto
1006 2527 1101 2602 penes
1118 2525 1335 2602 frtptdieosont
1346 2523 1407 2582 etc.

639 2635 991 2729 '1m=mm
1427 2610 1490 2736 pi

348 2772 458 2849 Ratio
485 2771 596 2849 haec:
624 2772 719 2849 aceti
746 2771 906 2850 'sextario
935 2791 1008 2849 nno
1038 2769 1128 2849 dilui
1142 2767 1262 2848 meliis
1280 2770 1408 2846 uncias

349 2904 441 2982 duas
467 2906 602 2983 iustum
629 2914 702 2999 est;
740 2901 790 2980 ita
824 2898 1038 3005 temperatis
1072 2904 1241 2981 sextariis
1280 2900 1407 2992 tribuo,

351 3036 510 3114 decocta
543 3035 656 3114 farina
692 3034 771 3115 lolii
808 3037 977 3114 sextariis
1005 3036 1151 3113 dnobus
1194 3058 1314 3135 nsque
1359 3026 1406 3109 ad

338 3169 631 3279 *crassitudinem
659 3169 892 3268 calidumque
911 3170 1050 3269 imponi
1067 3167 1278 3246 dolentibus
1294 3161 1407 3245 menr-

347 3301 436 3379 bris,

339 3432 513 3497 Rationem
527 3452 592 3496 non
604 3428 925 3499 constarePintianus
942 3432 1166 3498 animadvertit
1187 3439 1407 3518 nequctamen

191 3591 193 3602 ι
296 3548 499 3635 probabilem
521 3547 713 3616 emendandi
734 3552 819 3615 viam
838 3549 1004 3636 ingrersus
1026 3556 1084 3614 est.
1120 3546 1187 3613 Sili.
1208 3556 1244 3613 ut
1265 3548 1346 3612 colet
1366 3548 1406 3613 dc

298 3668 362 3733 loci
385 3658 491 3731 salute
513 3658 574 3729 niel
586 3658 734 3730 meliores
757 3663 829 3731 libri
850 3667 1053 3733 inveniantur
1074 3649 1267 3751 desperavit,
1282 3665 1406 3730 cautius

298 3788 398 3850 larino
425 3783 561 3848 lacunae
590 3784 715 3867 signum
753 3784 911 3869 apposnit.
955 3782 1056 3849 Nobis
1092 3790 1166 3848 ante
1195 3784 1302 3847 omnia
1330 3770 1407 3865 qnid

249 3976 256 3987 x
298 3902 455 3986 scriptum
489 3895 560 3963 iibri
586 3895 677 3964 MSS.
709 3899 872 3984 habeant,
913 3896 1087 3966 ridendum
1101 3910 1105 3918 ‘
1121 3900 1180 3965 est.
1222 3892 1275 3963 Ad
1308 3918 1406 3967 unum

299 4033 414 4083 omnen
426 4011 552 4103 legunt:
577 4018 1078 4082 diluuntnrmetticunotoeduoe*
1091 4018 1400 4093 decoctoeforinoe-
1448 3988 1458 4013 χ

298 4141 464 4216 sextarios,
478 4121 786 4235 omnlarectiosime,
804 4132 949 4199 namhoc
972 4135 1099 4221 perleve
1121 4134 1231 4198 vitium
1255 4130 1406 4219 estquod

299 4260 375 4317 ante
392 4274 422 4316 v.
438 4270 531 4329 usquc
546 4250 652 4316 littera
674 4274 694 4315 n
707 4252 728 4315 i.
746 4252 817 4319 all
839 4251 967 4316 excidit.
990 4252 1069 4318 Tres
1094 4252 1189 4335 igitur
1211 4252 1342 4315 sextarii
1363 4250 1408 4314 ita
1464 4312 1465 4317 ,

300 4341 520 4453 temperantur
532 4377 568 4431 ut
579 4369 635 4431 uni
649 4369 731 4432 aceti
744 4369 776 4432 in
789 4388 851 4454 quc
867 4368 1071 4433 duaeunoiae
1083 4364 1185 4432 inellie
1199 4367 1319 4433 dilutae
1332 4378 1407 4431 cunt

228 4460 232 4467 ’
302 4486 365 4551 dno
387 4485 456 4553 lolii
478 4484 652 4549 addantur:
676 4483 819 4571 seqnitur
842 4486 931 4549 nullo
952 4486 1130 4551 mutatione
1152 4506 1232 4571 opus
1254 4505 1327 4549 esse
1350 4485 1406 4549 sed

301 4602 563 4689 trampoaitione,
583 4619 647 4688 qua
668 4612 820 4667 numerus
841 4603 1001 4667 ternarius
1023 4602 1105 4667 duca
1115 4602 1191 4701 ilion
1206 4604 1329 4667 farinae
1340 4602 1407 4666 lolii

302 4721 459 4785 romanon
481 4739 546 4785 non
567 4699 739 4799 antecedat
760 4719 818 4784 ced
840 4728 1000 4809 sequetur.
1044 4721 1126 4789 Sunt
1147 4732 1253 4791 autem
1260 4720 1407 4791 XXVIII
