3700 5625
465 651 489 716 4
935 644 1113 737 flocsutio.

467 833 677 901 Remanebat
703 842 815 899 tamen
845 834 989 899 molesta
1014 836 1193 899 verborum
1228 834 1401 929 omniaque
1427 832 1509 899 boec
1532 838 1588 901 rei

465 951 614 1040 publicae
639 950 828 1018 collocatio.
874 954 990 1039 ltaque
1015 963 1193 1038 postquam
1222 954 1255 1017 in
1281 954 1357 1017 cod.
1383 952 1487 1037 Prag.
1512 953 1585 1041 legi
1657 958 1658 1039 ᾗ

468 1071 619 1156 comperi
648 1068 742 1134 lroec
767 1070 891 1135 reicis
918 1070 1048 1155 nobis,
1080 1072 1213 1135 omnino
1240 1069 1372 1136 Heraeo
1399 1074 1583 1151 assentior,
1657 1062 1658 1109 t

467 1190 523 1275 qui
543 1190 635 1255 initio
657 1190 818 1255 enuntiati
839 1192 976 1255 verbum
999 1211 1032 1253 es
1053 1188 1275 1274 supplendum
1296 1209 1374 1255 esse
1402 1191 1583 1258 existimat.
1657 1250 1658 1283 ἶ

466 1310 553 1373 Nam
575 1328 594 1372 e
616 1327 696 1373 vera
717 1308 886 1392 scriptura
906 1331 988 1371 nnec
1011 1329 1110 1371 nurus
1132 1327 1219 1371 nomn
1240 1304 1339 1372 facile
1363 1309 1497 1375 evenire
1518 1332 1582 1394 po·
1657 1292 1658 1373 ]

466 1427 545 1505 tuit,
565 1436 609 1490 ut
636 1426 742 1509 primo
772 1425 869 1491 fieret
894 1428 945 1489 rei
963 1449 993 1512 p.
1015 1436 1063 1505 et,
1098 1426 1217 1491 deinde
1239 1429 1330 1512 quod
1351 1428 1382 1491 in
1406 1428 1480 1493 cod.
1502 1448 1523 1491 a
1547 1438 1584 1493 et

465 1543 684 1609 Murbacensi
705 1543 863 1609 scribitur
882 1546 933 1608 rei
949 1552 1079 1630 praeest
1098 1556 1131 1609 et
1153 1546 1244 1629 quod
1264 1545 1365 1630 vulgo
1387 1546 1509 1633 legitur
1529 1549 1586 1611 rei
1657 1566 1658 1627 q

462 1659 612 1749 publicae
629 1670 671 1739 et,
693 1663 894 1747 compendio
918 1664 1007 1748 quod
1030 1676 1109 1728 sese
1129 1672 1206 1728 ante
1229 1665 1346 1730 oculos
1367 1664 1495 1730 habere
1518 1686 1581 1749 pu·

369 1853 379 1869 .
463 1781 580 1846 tabant
593 1779 720 1845 librarii
735 1780 822 1846 male
837 1780 980 1866 expleto.
1015 1779 1174 1847 Eiusdem
1189 1782 1313 1848 Hercei
1331 1786 1580 1850 coniecturam:
1657 1820 1658 1867 3

464 1921 606 1964 nomen
634 1899 742 1962 erasi
766 1896 840 1963 lroc
869 1897 959 1963 albo
995 1900 1024 1986 §.
1041 1898 1072 1965 6.
1102 1898 1203 1964 valde
1232 1903 1439 1985 probabilem
1468 1904 1580 1981 duco;

462 2017 612 2085 fortasse
635 2018 734 2083 etiam
757 2018 830 2106 §.Z
851 2017 1004 2085 lacunam
1024 2028 1118 2085 recte
1139 2017 1319 2105 indagavit.

425 2231 442 2295 1
728 2298 731 2304 1
1000 2206 1036 2281 9.

512 2377 608 2453 enm
627 2374 734 2474 ‚apud
760 2375 939 2451 Catonem
964 2375 1067 2451 illum
1098 2375 1253 2451 ambitus
1281 2378 1438 2452 hoster
1452 2386 1491 2451 et
1512 2404 1575 2453 re·

508 2510 628 2613 pulsis
649 2519 830 2611 tamquam
853 2508 1058 2587 honoribus¹
1079 2510 1240 2611 indeptis
1266 2512 1486 2613 gaudentem
1506 2514 1576 2588 fla-

510 2630 700 2749 grantibus
727 2646 885 2721 comitiis
910 2642 1087 2746 pecunias
1114 2648 1344 2747 deponerent
1374 2648 1571 2749 candidati,
1657 2714 1658 2729 ³

508 2787 580 2862 hoc
606 2785 796 2860 sefacere
824 2782 922 2882 quod
950 2790 1027 2858 tum
1053 2809 1134 2884 pro
1161 2784 1432 2862 innocentia
1456 2787 1570 2862 rebus
1657 2798 1658 2882 l

507 2920 676 2996 burnonis
702 2941 883 2994 summum
911 2928 1013 2994 esset
1035 2905 1319 3020 profitebantur*
1462 2899 1468 2909 ⁹

541 3085 726 3153 Vocabulis
752 3086 839 3175 quod
865 3097 935 3152 tum
967 3108 988 3152 a
1009 3083 1177 3175 Silligio'e
1198 3090 1293 3156 libris
1313 3067 1396 3155 Mss.
1417 3089 1565 3176 receptis
1657 3067 1658 3114 l

454 3205 563 3274 verba'
567 3203 672 3287 Plinii,
685 3217 721 3272 ut
731 3227 820 3272 nnnc
834 3207 966 3292 quidem
979 3207 1146 3295 leguntur,
1156 3228 1280 3274 —nnm
1292 3208 1392 3296 vulgo
1407 3209 1452 3274 ita
1466 3208 1565 3273 inter·
1657 3267 1658 3304 q

453 3325 568 3410 polata
577 3336 688 3390 erant:
699 3347 759 3411 pro
771 3327 972 3404 innocentio,
982 3327 1068 3415 quoti
1078 3325 1135 3394 rel.
1148 3348 1303 3394 -sensu
1315 3337 1442 3393 carent.
1457 3327 1565 3401 Quem

452 3443 510 3508 ubi
533 3442 601 3508 levi
634 3443 896 3528 transpositione
915 3443 1008 3510 facta
1029 3446 1209 3530 scripseris
1239 3445 1475 3510 innocentio
1495 3467 1565 3532 pro

454 3557 988 3645 elegantissimumnanciscemur.
1010 3541 1139 3632 Catone
1155 3564 1241 3630 enim
1252 3573 1411 3650 praetore
1423 3562 1564 3640 nuuc.

327 3748 331 3754 ,
451 3680 658 3759 innocentia,
679 3677 811 3764 qualern
832 3681 965 3766 quidem
985 3702 1042 3748 res
1058 3681 1405 3764 humanaeferebant‚
1426 3701 1565 3748 revera
1657 3717 1658 3722 κ

450 3799 484 3865 in
511 3819 550 3864 re
576 3797 713 3883 publica
740 3819 902 3864 summum
930 3798 1043 3866 locum
1070 3801 1257 3882 obtinebat,
1294 3781 1393 3888 atque
1421 3801 1564 3886 perditis
1657 3835 1658 3892 3

450 3919 630 3984 ambitione
645 3926 679 3984 et
687 3916 920 4002 largitionibus
931 3918 1050 3984 civium
1061 3919 1220 4003 moribus,
1232 3931 1417 4005 temporum
1430 3919 1561 3984 ratione
1657 3915 1658 3992 l

449 4035 563 4102 habita
587 4034 644 4101 illa
670 4037 870 4121 praesertim
895 4039 1039 4102 omniurn
1059 4038 1215 4104 virtutum
1240 4048 1274 4104 et
1295 4051 1422 4104 summa
1445 4045 1479 4102 et
1504 4055 1562 4102 ra·

447 4157 580 4222 rissima
593 4155 712 4219 merito
728 4157 916 4223 videbatur.
948 4155 1061 4241 Atque
1081 4155 1170 4222 hanc
1191 4157 1300 4243 ipsam
1322 4177 1458 4224 causam
1481 4175 1562 4222 esse

447 4273 691 4361 profitebantur
702 4275 868 4340 candidati
883 4294 983 4360 qnnm
1000 4275 1147 4360 grandes
1160 4279 1322 4361 pecunias
1335 4273 1457 4360 singuli
1469 4277 1561 4360 apud
1657 4259 1658 4352 l

448 4390 611 4458 Catonem
632 4391 842 4476 deponerent
863 4394 960 4479 eique
981 4393 1122 4459 liberum
1143 4385 1267 4462 multae
1288 4391 1460 4458 arbitrium
1481 4413 1559 4479 per·

446 4512 630 4594 mitterent,
660 4510 690 4575 si
711 4509 785 4598 quis
806 4511 966 4598 populum
987 4513 1182 4598 corrupisse
1201 4511 1388 4590 videretur;
1421 4511 1464 4580 ci.
1487 4511 1557 4580 Cio.

444 4630 489 4696 aa
509 4629 572 4706 ou.
588 4628 629 4698 a.
651 4628 768 4710 urm
781 4628 1143 4701 mutassemus.
1287 4667 1290 4674 ,
1657 4609 1658 4704 l
