3700 5625
962 570 1064 639 tuor
1083 570 1139 638 Π.

910 757 984 834 141
1002 792 1037 825 ε
1051 758 1115 853 53,
1128 756 1190 833 54.

540 914 732 1013 Imperare
752 919 907 987 naturae
934 935 1052 1006 sacra,
1079 906 1229 999 audacis
1257 918 1315 984 est
1337 884 1619 1031 credereppec

525 1048 661 1145 ¹minus
674 1046 831 1144 hebetis,
845 1044 1103 1155 beneficiis
1121 1050 1301 1148 abrogare
1321 1045 1433 1143 vires,
1456 1048 1617 1148 quando

455 1157 458 1162 ¹
539 1187 578 1263 in
609 1186 797 1286 fulgurum
833 1210 981 1285 quoque
1020 1168 1325 1288 interpretatione
1365 1208 1410 1261 eo
1443 1186 1618 1289 profecit

539 1321 695 1430 scientia
715 1330 757 1397 ut
778 1331 934 1397 ventura
954 1320 1026 1397 alia
1050 1321 1155 1398 finito
1180 1321 1241 1399 die
1266 1321 1457 1422 praecinat
1487 1330 1554 1397 rel.

574 1473 722 1557 Egregie
743 1470 893 1556 Silligius
914 1491 935 1535 e
956 1471 1053 1537 libris
1074 1472 1160 1541 Mss.
1181 1492 1302 1539 vocem
1325 1474 1613 1559 sacm'restitnit,

488 1611 557 1677 qna
578 1592 621 1655 ad
639 1586 753 1658 locum
773 1590 983 1676 superiorem
1004 1590 1370 1681 remandamur§.140‚
1394 1592 1449 1662 ubi
1468 1594 1613 1678 „sacris

490 1711 687 1797 quibusdem
711 1721 745 1775 et
763 1709 1013 1794 precationibus
1027 1694 1164 1778 fulmina
1180 1712 1256 1799 cogi
1269 1710 1323 1779 vel
1343 1712 1538 1796 impetrari“
1560 1712 1614 1778 di-

490 1840 624 1908 cuntur.
668 1828 800 1895 Vellem
819 1825 959 1898 alterum
980 1829 1182 1919 vocabulum
1197 1830 1422 1919 emendasset,
1443 1852 1509 1917 quo
1524 1852 1612 1915 pre·

490 1949 642 2015 cationes
658 1948 856 2014 indicentur.
893 1945 1072 2011 Beneficiis
1096 1948 1181 2013 enim
1203 1960 1344 2015 naturae
1359 1950 1450 2035 vires
1470 1948 1612 2017 minime

488 2069 703 2153 abrogentur,
726 2065 876 2154 quemvis
889 2066 1142 2150 precationibus
1163 2065 1357 2134 efficacibus
1376 2069 1409 2134 in
1421 2068 1609 2134 humanum

488 2207 595 2272 genus
616 2184 781 2251 beneficia
803 2182 1038 2270 conferentur,
1066 2186 1314 2271 sed‘precibus
1342 2206 1385 2252 ec
1413 2186 1610 2253 devotioni-

487 2307 553 2374 bus
574 2305 775 2387 arcanisque
798 2303 995 2389 quibusdam
1017 2304 1146 2373 ritibus.
1190 2305 1284 2372 Sicut
1303 2305 1403 2393 igitur
1424 2307 1451 2393 ᾗ.
1464 2304 1520 2375 bd.
1541 2327 1608 2372 ve-

487 2422 610 2488 neficia
634 2424 668 2488 in
695 2422 797 2488 lunae
826 2420 962 2487 defectu
995 2422 1109 2508 argui,
1135 2424 1244 2491 XXV.
1257 2423 1309 2494 10.
1336 2424 1411 2490 loco
1436 2402 1606 2492 simillimo

487 2542 633 2626 ratione,
658 2516 726 2605 nnn
751 2538 925 2605 veneficiis
952 2548 986 2604 et
1006 2538 1122 2605 herbis
1150 2540 1233 2609 solis
1257 2541 1423 2632 lunaeque
1445 2539 1604 2610 defectus

489 2660 715 2746 praenuntiari
735 2658 899 2742 dicuntur,
923 2658 971 2723 ite
991 2656 1061 2726 nt
1081 2658 1214 2727 bebetis
1236 2672 1289 2729 est

730 2790 733 2794 ·
785 2773 1003 2862 ueneficiis
1024 2772 1182 2866 obrepere
1201 2781 1298 2846 uires.

429 2959 471 3026 24
524 2935 528 2940 ’
814 3046 818 3050 Α
907 2929 1186 3057 rre=5r‚ee.

486 3174 490 3182 Δ
536 3072 583 3149 In
604 3066 768 3181 sedecim
789 3074 915 3169 partes
943 3053 1085 3147 caelum
1114 3068 1150 3144 in
1184 3093 1232 3150 eo
1258 3077 1480 3169 respectu
1506 3065 1601 3142 diti-

537 3234 625 3291 eere
649 3203 779 3286 Tusci.
883 3194 888 3202 ’

497 3364 501 3372 ·
571 3346 631 3412 Sic
655 3365 698 3408 ex
721 3340 865 3425 antiquis
887 3339 1087 3406 editionibus
1109 3339 1269 3426 Silligins.
1302 3339 1434 3416 Melius
1454 3341 1603 3409 Haedui·

485 3485 550 3536 nes
562 3483 581 3527 e
595 3459 763 3528 coddad²
774 3480 791 3524 r
803 3466 949 3544 umectus
971 3457 1080 3526 malim
1094 3470 1204 3538 temen
1227 3481 1302 3528 eum
1316 3459 1438 3528 tastu
1461 3468 1601 3546 speetu

484 3580 654 3676 recipere,
674 3585 713 3651 ut
729 3575 859 3647 rariore
880 3574 1048 3643 vocabulo
1069 3579 1201 3663 spectio
1224 3578 1308 3651 caeli
1323 3578 1548 3666 ,significetun

428 3756 471 3821 25
806 3739 815 3754 '
903 3728 1105 3828 149·=58,
1118 3733 1180 3808 59.

540 3867 740 3943 Celebrant
763 3865 904 3943 Graeci
936 3866 1183 3970 Anaxagoran
1207 3857 1262 3928 '-'-
1288 3841 1522 3972 praedixisse
1547 3911 1600 3924 -

500 4007 503 4012 ’
536 4003 668 4106 quibus
690 4005 821 4080 diebus
847 4028 979 4078 saxum
1006 4028 1177 4083 casurum
1199 4027 1297 4082 essct
1322 4033 1342 4082 e
1365 4006 1460 4100 sole,
1479 3999 1594 4105 idque

535 4142 674 4218 factum
703 4139 867 4219 interdiu
897 4138 937 4215 in
965 4141 1151 4219 Threciae
1177 4153 1283 4247 perte
1308 4140 1360 4238 ad,
1380 4143 1506 4244 Aegos
1529 4143 1599 4218 flu-

535 4301 631 4355 men.
673 4277 750 4377 Qui
770 4275 863 4379 lepis
887 4275 1096 4353 etiamnunc
1118 4278 1324 4356 ostenditur
1347 4275 1598 4379 magnitudine

531 4413 649 4509 vehis,
677 4414 801 4489 colore
823 4412 967 4509 adusto,
992 4425 1168 4492 comete
1195 4439 1379 4518 quoque
1399 4413 1498 4491 illis
1517 4437 1597 4490 nn-

535 4549 687 4627 ctibns
711 4551 963 4650 flagrante.
