3700 5625
478 689 544 796 rc.
933 726 1024 790 rua
1036 727 1126 790 rvr.

401 943 405 950 ·
479 938 553 984 narn
584 923 618 983 m'
643 929 764 983 seratur
785 925 848 985 aliu
875 919 1018 1004 exhibet,
1040 941 1104 1008 qua
1125 922 1167 988 ad
1186 922 1346 989 infelicem
1357 923 1581 1010 'coniecturam

480 1023 724 1119 ,ni'insinuatur
752 1037 839 1101 alia‘'
853 1039 920 1107 Sili.
943 1059 978 1103 se
1001 1039 1103 1126 abripi
1126 1060 1249 1126 ,passus
1271 1049 1331 1106 ost.
1372 1040 1438 1108 Hic
1461 1062 1582 1128 qnoque

478 1152 594 1217 librum
617 1173 637 1217 a
664 1153 814 1219 adhibitis
837 1154 1049 1222 Gronovianis
1072 1177 1254 1244 sequemur,
1276 1179 1294 1224 s
1316 1160 1406 1224 cuius
1430 1159 1583 1244 scriptura

478 1278 538 1337 nisi
557 1278 711 1337 naturalia
732 1279 846 1359 sponte
868 1275 986 1340 emicat
1243 1287 1247 1292 '

519 1395 586 1454 nisu
608 1391 647 1471 (i.
670 1395 831 1476 apertu)
856 1399 1000 1457 naturali.

560 1506 718 1573 Mendosa
734 1509 831 1573 otiam
848 1517 997 1576 extrema·
1009 1510 1151 1578 ciusdem
1173 1509 1367 1616 paragrapiri
1378 1511 1482 1578 verba
1499 1517 1582 1577 sunt}

528 1625 614 1703 alibi
658 1648 733 1705 non
768 1627 840 1706 nisi
871 1628 909 1706 in
934 1634 1064 1730 tepore
1091 1630 1317 1730 proveniens
1342 1636 1380 1706 et
1407 1631 1583 1708 nutricem

526 1757 664 1860 magno
692 1783 805 1861 opere
830 1759 1037 1840 fastidiens,
1080 1779 1088 1784 ·

559 1909 624 1974 Pro
646 1913 769 1977 nutrice
782 1911 866 1976 enim
886 1912 1030 1998 cupressi
1051 1929 1133 1998 quae
1155 1911 1258 1998 qualis
1281 1913 1332 1994 sit,
1354 1932 1396 1976 ne
1414 1911 1582 1979 divinando

479 2027 609 2116 quidem
631 2017 798 2116 assequor'3
827 2050 891 2094 vox
905 2031 1072 2126 'sententia
1102 2029 1265 2114 flagitatur
1286 2030 1390 2115 tepori
1417 2032 1583 2112 contraria,

479 2146 530 2210 cui
542 2167 640 2233 quum
652 2147 685 2212 in
706 2154 833 2213 vetusto
856 2148 1033 2233 exemplari
1055 2147 1117 2214 dno
1140 2168 1252 2214 versus
1272 2146 1334 2216 hoo
1355 2148 1454 2212 modo
1477 2169 1513 2212 se
1533 2167 1582 2212 ex-

421 2286 432 2302 ·
478 2265 622 2350 ciperent
988 2348 992 2353 .
1072 2331 1076 2338 ,
1231 2271 1233 2278 ’

519 2383 677 2447 nutricem
697 2404 815 2470 magno
839 2403 936 2470 opere
957 2382 1125 2450 fastidiens

515 2507 696 2566 necterras
718 2509 843 2566 tantum
864 2508 981 2565 natura
1001 2501 1086 2566 circa
1190 2493 1194 2502 ’

478 2619 601 2706 primae
642 2619 801 2684 inferioris
844 2619 1006 2709 vocabuli¹
1034 2620 1161 2699 litterae
1207 2623 1300 2704 ‚rrect‘
1337 2622 1423 2686 male
1460 2628 1581 2687 assutas

478 2758 611 2826 pravam
644 2738 873 2802 correctionem
907 2745 1125 2826 procrearunt.
1179 2738 1301 2816 Quibus
1331 2740 1471 2827 demptis
1494 2739 1580 2804 relin-
1648 2761 1649 2788 r

479 2853 725 2943 quiturbpicem‘
745 2860 766 2923 i.
790 2876 817 2926 e.
838 2866 942 2923 mtrem.

732 3016 983 3104 sna-:saon
1013 3019 1050 3089 et
1078 2968 1339 3106 144=3r,62.

358 3214 369 3220 -
430 3234 435 3239 .
510 3168 662 3267 -Aqnae
688 3164 907 3267 plerumque
940 3164 1080 3241 semina
1101 3164 1256 3241 afferunt
1282 3170 1318 3240 ei
1344 3167 1446 3240 certe
1471 3160 1579 3239 fluunt
1644 3158 1645 3201 Ν

424 3281 427 3287 ’
526 3322 666 3399 genere
705 3298 904 3399 aliqnando
941 3299 1050 3375 etiam
1076 3296 1286 3399 incognito,
1324 3295 1427 3396 quod
1453 3291 1579 3393 accidit

518 3432 753 3533 Cyrenaicae
780 3432 937 3540 regioni,
956 3508 959 3516 ,
975 3454 1057 3508 cnm
1089 3432 1242 3532 primum
1275 3429 1325 3506 ibi
1351 3426 1577 3529 laserpicium
1641 3448 1642 3512 r

532 3572 657 3641 natum
684 3570 757 3659 est,
783 3570 823 3640 ut
849 3564 886 3640 in
912 3563 1108 3640 herbarum
1134 3569 1264 3639 natura
1290 3560 1469 3639 dicemus.
1496 3558 1578 3663 Natu
1640 3534 1641 3616 i

527 3704 584 3775 est
603 3704 640 3775 et
658 3696 753 3775 silva
767 3698 849 3776 urbi
864 3697 896 3773 ei
912 3697 1080 3799 proxima
1105 3697 1220 3773 imbre
1246 3694 1354 3796 piceo
1383 3711 1576 3791 crassoque
1639 3634 1640 3720 i

505 3816 673 3913 'circiter
700 3831 801 3909 urbis
825 3829 967 3908 Romae
993 3852 1127 3906 annum
1155 3826 1385 3908 CCCCXXX.
1439 3826 1577 3905 Hedera

488 4054 492 4064 ¹
528 3966 599 4042 iam
634 3964 767 4041 dicitnr
804 3966 841 4041 in
866 3964 959 4063 Asia
985 3964 1106 4057 nesci3
1144 3967 1348 4062 negaverat
1372 3958 1576 4062 Theophra·

398 4092 402 4101 '
529 4103 609 4174 stus
634 4094 701 4175 rel.
1021 4192 1023 4196 ι

561 4202 651 4293 Leve
683 4237 733 4295 ost
760 4228 912 4293 mendum
941 4228 974 4293 in
1005 4227 1097 4313 initio
1119 4226 1213 4292 huius
1235 4226 1297 4291 loci
1320 4237 1349 4290 et
1369 4238 1465 4304 certe,
1502 4236 1574 4310 quae

370 4388 379 4395 -
479 4345 639 4411 vocabula
663 4347 760 4431 plano
783 4348 888 4411 otiosa
916 4352 950 4411 et
970 4346 1108 4410 molesta
1128 4345 1215 4411 facili
1249 4344 1496 4430 transpositione
1517 4356 1572 4403 cor·

479 4463 626 4549 rigantur
646 4474 747 4527 terroe
767 4475 815 4543 et,
844 4463 972 4550 grauius
993 4439 1027 4527 in
1048 4464 1203 4549 proximis
1227 4462 1334 4529 verbis
1356 4481 1459 4547 coque
1478 4457 1570 4523 mirus

481 4582 577 4644 etiam
598 4580 781 4663 terendum,
813 4581 900 4667 qnod
921 4581 1041 4645 Plinius
1063 4583 1132 4667 ipsc
1155 4602 1193 4647 eo
1215 4581 1284 4645 loco
1308 4599 1402 4665 quem
1423 4596 1504 4641 nunc
1524 4570 1569 4635 dc·

479 4697 740 4766 monstratXIX
754 4699 805 4766 41.
826 4698 960 4763 imbrem
982 4698 1071 4765 illum
1093 4706 1217 4785 septem
1235 4697 1326 4765 annis
1340 4701 1414 4761 unte
1431 4690 1567 4781 oppidum
