3700 5625
482 734 545 802 110
939 735 1026 799 turer
1042 741 1106 800 XX
1106 741 1131 800 I.

481 932 610 996 mollem
641 930 705 995 (liei
743 929 786 995 atl
820 930 1023 1016 eundemque
1054 931 1284 1017 παραφυάδας
1304 932 1375 998 illas
1413 933 1571 1030 papauere.

482 1050 597 1134 ltaque
617 1048 733 1133 triplioi
754 1049 931 1112 mutatione
952 1067 1032 1132 opus
1057 1057 1120 1112 ost:
1154 1049 1409 1131 interpunctione
1432 1057 1572 1128 correcta,

482 1166 651 1230 amandato
674 1185 807 1229 numero
829 1167 976 1228 etunius
999 1187 1111 1230 versus
1134 1165 1279 1230 XXVIII
1312 1167 1498 1245 litterarum,
1519 1185 1571 1249 quo

479 1282 548 1347 iere
570 1283 690 1362 ambitu
712 1283 877 1368 archetypi
898 1282 1047 1368 singulae
1068 1284 1172 1347 lineae
1193 1284 1459 1362 contuebantur,
1482 1290 1572 1345 trans-

481 1401 654 1486 positione:

522 1555 561 1566 —
583 1523 651 1580 item
673 1537 701 1580 ο.
722 1523 809 1581 caule
830 1527 949 1598 tenero,
982 1521 1127 1596 candida,
1153 1521 1367 1596 sesquipedali,
1389 1523 1470 1581 retolli
1492 1521 1575 1578 tribus

521 1646 576 1698 aut
596 1647 728 1713 pamaor
750 1640 889 1712 opaeum
911 1639 1017 1698 radice
1039 1639 1164 1696 bulbosa
1186 1641 1246 1697 ato.

904 1758 1030 1828 120:
1047 1757 1162 1842 tata.

531 1883 657 1962 Obiter
684 1892 719 1961 et
745 1884 888 1961 odorati
915 1884 1014 1960 lunai
1041 1853 1245 1960 medicinae
1273 1883 1452 1974 ditentur,
1494 1905 1576 1982 quo-

502 2018 626 2092 ¹niam
664 2024 701 2096 et
726 2018 763 2092 in
790 2015 897 2116 Syria
925 2015 1060 2106 Coele,
1104 2025 1142 2091 ut
1168 2040 1236 2094 suo
1261 2011 1355 2092 ¹loeo
1395 2013 1576 2092 retulimus

533 2149 629 2241 tXll.
660 2130 955 2243 104),‘nasoitur.
1009 2147 1299 2225 Laudatissimus
1326 2172 1371 2222 ex
1400 2148 1576 2230 Nabataea

530 2284 754 2382 cognomine
781 2283 964 2372 tenebitis,
1002 2283 1189 2382 proximus
1215 2279 1455 2392 Babylonius
1502 2279 1577 2380 pes·¹

528 2416 643 2491 simus
669 2441 717 2494 ex
743 2416 871 2493 Africa
891 2439 941 2492 ao
966 2415 1046 2496 siue
1073 2415 1202 2502 odore,
1228 2422 1284 2490 est
1309 2422 1433 2492 autem
1459 2424 1577 2492 rotun-

529 2548 611 2638 dus,
649 2550 804 2658 vinosae
832 2547 1081 2626 mordacitatis
1107 2547 1154 2621 ad
1182 2545 1355 2645 linguam.
1408 2547 1576 2624 Siueerus
1644 2595 1645 2634 ;

527 2679 563 2754 in
591 2681 829 2758 confricando
858 2683 1012 2759 odorem
1038 2701 1146 2757 rosae
1173 2681 1325 2771 emittit,
1366 2681 1575 2757 rubentibus
1644 2713 1645 2750 ;

529 2816 756 2915 fragmentis,
1334 2795 1337 2804 ¹

481 2956 485 2963 '
562 2948 882 3034 Argumentationem
920 2948 1034 3011 merito
1067 2938 1086 3010 a
1119 2946 1186 3010 Sill.
1220 2946 1447 3031 reprehensam
1484 2966 1577 3031 neque

480 3086 575 3153 quam
597 3067 681 3130 idem
707 3044 872 3151 proposuit
893 3065 1078 3149 aonieptura
1095 3062 1270 3127 'emendari
1294 3073 1428 3149 apparet
1456 3103 1473 3109 -
1512 3084 1576 3127 nam

479 3183 554 3248 dum
577 3193 613 3247 nt
633 3190 685 3263 pai
705 3189 736 3247 in
757 3186 848 3246 ladio
870 3193 899 3245 et
918 3188 950 3245 io
966 3186 1056 3265 Syria
1075 3186 1161 3245 eoae
1182 3180 1308 3266 legatur
1322 3182 1447 3261 suadet,
1469 3202 1577 3245 novum

480 3320 618 3367 errorem
642 3301 763 3382 Plinio,
791 3300 845 3385 qui
867 3299 1024 3363 calamum
1052 3300 1176 3385 utrique
1199 3300 1338 3385 regioni,
1366 3300 1494 3362 iuncum
1529 3298 1576 3359 uui
1642 3304 1643 3313 ’

480 3419 591 3504 Syriae
614 3417 774 3498 attribuit,
796 3417 933 3480 obtrusit
955 3454 992 3463 —
1016 3437 1120 3501 neque
1141 3416 1297 3481 vocabulo
1320 3424 1478 3493 unquentis
1499 3415 1576 3500 quod

467 3534 575 3601 'lanus
603 3532 700 3599 inseri
731 3535 894 3599 uoluit-
915 3555 989 3597 nam
1012 3554 1076 3596 uon
1104 3533 1145 3597 de
1175 3533 1346 3619 unguentis
1369 3534 1425 3596 sed
1455 3534 1493 3596 de
1516 3553 1575 3596 me-

480 3654 586 3717 ‹lioina
601 3652 714 3739 agitor.
738 3652 835 3715 lrnmo
849 3649 960 3715 ordine
976 3651 1143 3715 verborum
1156 3650 1302 3714 restituto
1318 3658 1351 3713 et
1370 3650 1430 3713 hoo
1454 3659 1485 3714 et
1501 3671 1576 3735 quae

480 3777 647 3857 praeterea
678 3769 751 3832 huio
783 3770 852 3833 loeo
883 3769 961 3834 vitia
991 3740 1099 3831 insunt
1127 3768 1339 3853 corrigentur:
1379 3786 1471 3853 quem
1504 3769 1596 3831 mire-

480 3886 702 3980 perturbatum
745 3906 818 3950 esse
852 3885 1050 3950 Diosooridis
1095 3886 1308 3970 descriptione
1351 3886 1575 3970 comprobatur.

480 4004 539 4070 Ille
560 4005 645 4068 euim
667 4004 746 4078 lat
768 4011 920 4086 σχοῖνος,
943 4005 1002 4085 ait,
1025 4000 1043 4089 ἡ
1066 4007 1128 4087 ptr
1148 4024 1197 4078 τις
1219 4008 1344 4083 γίνεται
1366 4000 1405 4068 ἐν
1424 4003 1537 4090 Λιβύῃ,
1559 3999 1574 4085 ἡ

439 4150 442 4153 ’
482 4124 521 4187 tt
543 4119 758 4211 ἒαἍραβίρι,
800 4118 897 4209 ἑτέρα
925 4122 963 4187 δὲ
987 4117 1023 4187 ἐν
1044 4126 1082 4211 τῇ
1104 4126 1282 4209 Ναβαταίᾳ
1310 4123 1484 4211 λεγομένῃ,
1513 4118 1575 4205 ἣτις

481 4235 555 4305 ἐστὶ
582 4246 748 4327 κρατίστη·
771 4239 956 4325 δευτερεύει
978 4235 1055 4321 dib
1078 4234 1237 4325 ἅραβικὴ,
1265 4236 1307 4323 ἣν
1328 4236 1412 4303 ἔνιαι
1433 4236 1573 4321 tapeta

482 4378 556 4422 νιον
576 4359 750 4434 καλοῦσιν,
772 4356 804 4422 οἱ
826 4356 863 4421 δὲ
883 4364 1036 4438 saepitur.
1053 4352 1096 4419 ‘H
1112 4354 1151 4419 δὲ
1169 4346 1284 4440 ¹letteren}
1300 4356 1470 4441 ἄχρηστος·
1492 4352 1572 4423 lule·

431 4514 435 4517 -
481 4496 542 4555 γοα
570 4473 695 4559 δὲτὴν
723 4472 932 4563 πρόσφατον,
955 4472 1141 4561 ἔμπαρραν,
1168 4475 1363 4558 notanabi,
1394 4477 1573 4558 σχιζομένρν

482 4591 521 4653 tlt
553 4587 771 4678 ἒμπόρφυρον
804 4596 861 4655 καὶ
886 4591 1023 4675 λευκὴν,
1065 4596 1120 4655 καί
1153 4582 1357 4677 ῥοδίζοασαν
1388 4600 1429 4681 τῇ
1448 4591 1573 4677 εὐωδίᾳ,

483 4702 624 4771 ἐπειδὰν
647 4712 798 4791 epibatae
817 4714 890 4783 ταῖς
911 4712 1020 4795 χερσὶ,
1042 4714 1099 4773 nat
1118 4706 1313 4775 δάκνουσαν
1341 4710 1399 4796 τὴν
1427 4714 1572 4793 γλῶσσαν
