3700 5625
741 759 834 822 arua
854 757 944 822 rm.
1113 751 1120 762 ’
1367 755 1387 824 o
1454 751 1457 756 '
1559 747 1560 752 '

334 951 532 1032 Praeterea
544 961 630 1031 sunt
655 953 800 1054 aliquae
814 953 1017 1044 silvestres,
1044 953 1137 1031 aliae
1153 951 1386 1053 plantatores,

335 1109 428 1186 quae
452 1087 552 1164 culta
577 1087 754 1164 obtinent.
794 1091 869 1164 iam
893 1087 932 1162 in
957 1085 1163 1164 montuosis
1191 1083 1386 1198 planisque

205 1292 206 1297 a
333 1219 487 1312 distant,
529 1219 625 1296 siout
657 1225 695 1297 et
732 1244 826 1298 sexu
857 1243 980 1297 mares
1007 1241 1052 1295 ao
1081 1216 1261 1309 feminae,
1300 1219 1387 1295 item

204 1422 205 1447 2
333 1375 479 1454 sapore.
1298 1337 1305 1352 ⁸

363 1555 658 1642 Interpunotionem
680 1555 765 1619 maie
788 1553 827 1618 ab
843 1555 922 1619 Iano
939 1552 986 1619 ita
995 1559 1151 1620 mutatam
1163 1573 1237 1620 asse
1258 1559 1294 1618 ut
1314 1559 1388 1639 post

204 1692 205 1743 1
283 1678 464 1752 placidiam
490 1674 585 1759 plene
609 1673 835 1758 distingueret,
868 1665 978 1736 herbis
1000 1671 1215 1758 Theophrasti
1233 1670 1388 1736 efficitur:

286 1790 339 1876 τὴν
371 1793 432 1876 μὲν
461 1789 586 1878 ἥμερον
615 1792 754 1856 καλοῦσι
785 1790 845 1876 τὴν
872 1789 902 1856 δ’
929 1787 1049 1874 ἆγρίαν
1079 1787 1118 1856 οὐ
1147 1795 1186 1882 τῇ
1216 1787 1387 1874 γλυκύτητι

285 1915 338 1974 τοῦ
359 1914 490 1997 καρποῦ
503 1909 721 1994 διαιροῦντες.
743 1906 829 1974 ἀλλὰ
843 1912 890 1996 τῷ
914 1908 1043 1992 μᾶλλον
1054 1901 1091 1973 ἐν
1107 1915 1176 1984 τοῖς
1193 1901 1387 1992 ἐργασίμοις

286 2021 430 2111 φύεσθαι
444 2025 504 2111 τὴν
526 2027 564 2092 δὲ
586 2024 693 2111 φηγὸν
785 2019 822 2091 ἐν
841 2032 912 2102 τοῖς
930 2021 1090 2112 ὀρεινοῖς.
1122 2023 1245 2088 Eadem
1268 2042 1387 2109 genera

203 2148 204 2225 g
286 2155 503 2208 montaneorum
527 2127 746 2223 ptiuorumque
776 2141 958 2206 nominibus
986 2139 1240 2227 distinguuntur5
1276 2139 1386 2225 itaquo

203 2284 204 2313 ι
285 2259 374 2325 huius
387 2280 502 2325 sensus
516 2260 659 2325 subiecta
671 2267 746 2325 sunt
756 2279 854 2323 mares
870 2263 1061 2342 arseminae,
1083 2278 1166 2345 quae
1188 2259 1271 2324 sicut
1294 2277 1386 2340 sexu,

203 2400 204 2435 1
285 2378 325 2442 ita
336 2379 433 2442 etiam
441 2398 557 2463 sapore
564 2377 694 2442 metant
716 2376 922 2442 Feminarum
939 2375 1023 2440 enim
1045 2376 1183 2441 frustum
1204 2377 1385 2441 uberiorem

203 2482 204 2501 ¹
287 2502 317 2558 at
335 2496 500 2560 meliorem
518 2516 590 2561 esse
612 2494 726 2560 eodem
742 2495 813 2559 iooo
825 2493 1067 2580 Theophrastus
1082 2493 1266 2561 tradiderat.
1290 2491 1387 2558 Nulla

285 2612 378 2698 igitur
403 2613 660 2700 interpanotione
681 2611 853 2698 legendum
890 2618 958 2676 ast:
982 2661 1006 2678 ..
1029 2618 1143 2677 distant
1162 2618 1240 2678 siem
1260 2623 1290 2676 et
1309 2631 1386 2676 ειαιι
1418 2649 1423 2660 ·

285 2751 379 2794 morea
400 2735 588 2809 arseminae
614 2737 681 2794 item
709 2750 829 2811 sapore.
872 2731 958 2795 Male
981 2729 1097 2796 deinde
1118 2731 1148 2819 §.
1171 2733 1221 2800 17.
1242 2729 1384 2796 futurum

286 2852 408 2935 tempus
430 2855 643 2930 &attenuemus
664 2820 682 2914 a
704 2848 797 2915 aoid.
818 2870 840 2913 a
862 2847 883 2911 d
909 2849 1119 2935 impraesens
1143 2870 1163 2915 ο
1184 2850 1251 2915 sill.
1271 2850 1298 2918 1.
1315 2869 1384 2915 mu·
1414 2842 1418 2849 ”

202 2965 203 3004 ³
284 2971 382 3031 tatum
402 2973 463 3032 ost.

742 3178 923 3268 183263.
1404 3188 1467 3278 25ss

202 3307 203 3385 i
328 3358 465 3459 Fagum
490 3358 655 3435 muribus
680 3356 938 3458 gratissimam.
990 3354 1058 3435 Est

285 3538 348 3605 aod.
369 3561 398 3623 a,
421 3544 628 3620 οιαιίοοὶιααοι
648 3557 713 3602 esse
733 3536 763 3620 d,
785 3537 951 3606 undeSiii.
973 3556 1093 3621 reram,
1115 3544 1151 3602 ut
1172 3538 1226 3621 ait,
1248 3538 1382 3623 seriptu-

285 3677 349 3721 mm
367 3657 565 3744 composuit:
609 3656 730 3743 ‚fagum
750 3655 894 3720 muribus
924 3654 1141 3743 gratissimam
1164 3658 1264 3737 esse,‘
1297 3655 1383 3721 unde

202 3753 203 3784 ³
285 3776 480 3841 aecusativus
501 3795 574 3840 oum
594 3773 750 3838 infinitivo
773 3780 866 3859 aptus
889 3774 941 3857 sit,
964 3773 1070 3837 dioere
1092 3774 1207 3838 omisit.
1230 3773 1344 3837 Melius
1356 3774 1381 3838 I.

202 3905 203 3962 i
285 3892 396 3979 ,fagum
422 3934 461 3954 „-
484 3892 700 3978 gratissimum
729 3894 810 3974 est,‘
854 3891 1044 3957 vocabulum
1078 3910 1116 3956 eo
1146 3910 1244 3955 sensu
1265 3911 1382 3955 novum

287 4009 431 4098 effingere
460 4030 567 4076 ausus.
616 4008 791 4074 Manifesto
826 3986 930 4095 prima
959 4009 1127 4095 proximae
1161 4009 1248 4073 voois
1276 4008 1384 4074 littera

202 4097 212 4112 μ
285 4128 387 4192 ultima
417 4109 540 4215 primae
568 4132 719 4213 corrupta
750 4134 783 4191 et
809 4125 884 4193 huio
913 4127 1062 4192 adientivi
1096 4146 1189 4191 oasus
1222 4114 1307 4190 male
1329 4146 1381 4191 ao·

283 4244 500 4310 commodatus
522 4244 591 4308 fuit.
635 4243 846 4309 scribendum
869 4249 935 4309 eat:

495 4386 499 4391 ’
561 4367 656 4440 lapus
675 4366 811 4427 muribus
829 4368 1002 4441 αναίίιοίιιια
1024 4376 1076 4429 est.
1101 4394 1103 4402 ·

358 4478 467 4545 Verbo
495 4500 612 4544 moneo
642 4480 669 4564 ἕ.
693 4480 744 4547 20.
771 4468 878 4545 Ινοόοιι·
912 4500 985 4545 oum
1017 4479 1086 4548 eod.
1119 4479 1140 4545 d
1167 4501 1231 4546 non
1252 4486 1382 4566 propter
1481 4512 1488 4523 ·

202 4636 203 4639 =
284 4571 372 4662 huius
385 4596 503 4663 ootiiais
522 4598 757 4681 auotoritatem,
779 4597 837 4663 sed
850 4603 981 4684 propter
1003 4604 1180 4664 struoturae
1202 4618 1381 4686 congruen-

286 4713 357 4779 tiam
376 4736 432 4807 pro
452 4721 574 4783 roboris
594 4715 796 4783 scribendum
819 4734 901 4793 esse.
