3700 5625
715 593 815 658 Liler
836 591 903 660 XI}
1305 591 1367 656 ltili

265 792 321 844 tom
342 779 487 866 aliquam
514 779 610 846 deam
638 781 745 849 luisse
772 782 986 868 pronuntiat,
1014 779 1078 846 sed
1105 789 1139 842 et
1162 776 1303 840 Dianam
1333 788 1368 840 et

264 899 432 963 Fortunam
458 903 503 964 eo'
523 900 720 984 cognomine
744 901 859 968 ornari
879 897 1032 964 affirmat
1081 896 1171 961 idem
1192 917 1260 960 non
1283 895 1366 978 (lpi-

262 1016 343 1082 leroe
371 1019 494 1084 aedem
525 1038 610 1104 quae
640 1017 730 1087 nulla
751 1018 813 1087 luit
839 1019 974 1105 (neque
996 1017 1168 1083 Fortunae
1191 1015 1363 1082 Dianaeve

260 1139 445 1225 eonomine
468 1121 597 1204 Romae
620 1139 778 1224 templum
803 1133 951 1204 erectum
973 1139 1055 1222 est),
1078 1137 1139 1202 sed
1162 1136 1246 1220 Opis
1265 1134 1362 1198 intel·

260 1256 411 1342 ligendam
440 1277 519 1322 esse
544 1258 637 1336 vidit,
664 1268 764 1343 atque
790 1257 823 1321 in
848 1275 892 1322 eu
912 1261 1038 1322 tantum
1060 1252 1177 1337 lapsus
1198 1265 1251 1319 est
1272 1261 1362 1338 quod

260 1373 426 1460 Optavere
447 1375 513 1458 legi
536 1374 650 1442 voluit.
703 1375 787 1440 Nam
813 1395 922 1460 neque
950 1380 1095 1452 „vere“
1125 1371 1213 1439 idem
1238 1383 1291 1436 est
1320 1390 1361 1434 ae

256 1514 337 1575 „non
359 1493 542 1578 perplexe,
572 1493 688 1557 iuste“
719 1512 827 1578 neque
849 1492 1034 1555 orationem
1056 1489 1234 1576 quamlibet
1258 1490 1359 1553 medi·

257 1625 333 1678 tatus
354 1625 408 1680 est
433 1612 600 1678 Metellus.
654 1611 824 1677 Pontifieis
854 1611 940 1676 euim
962 1622 1037 1676 erat
1059 1610 1091 1674 iu
1113 1609 1244 1674 aedium
1268 1607 1358 1672 dedi·

255 1734 374 1796 catione
398 1741 494 1797 certa
517 1734 659 1818 quadum
682 1713 902 1810 formidanti,
924 1748 1023 1817 quam
1044 1730 1219 1797 ediscebat
1240 1727 1358 1794 Metel·

254 1851 296 1916 lus
317 1863 349 1916 et
364 1850 588 1916 meditabatur
606 1873 647 1916 ne
666 1853 698 1916 in
717 1851 963 1937 pronuntiando
986 1850 1166 1914 falleretur.
1193 1850 1260 1912 lam
1275 1848 1359 1913 vead

253 1969 411 2034 sollemnis
438 1984 470 2035 et
499 1973 636 2059 proprio
671 1973 702 2037 iu
736 1971 791 2037 tuli
824 1971 1035 2038 dedicatione
1067 1970 1164 2036 vocis
1195 1971 1358 2053 „verba'“

253 2087 438 2174 significatio
466 2098 531 2156 est.
583 2089 720 2173 „Verba
743 2093 876 2175 praeire
888 2099 910 2130 ‘⁶
941 2090 1084 2178 legimus
1110 2091 1199 2174 opud
1226 2088 1353 2153 Livium

251 2205 295 2272 lX.
303 2205 352 2286 46,
374 2209 503 2292 „verbu
517 2205 661 2273 saeere‘e
680 2209 767 2293 apud
782 2188 1057 2292 creauimus,
1072 2209 1199 2292 „verba
1217 2209 1354 2272 dicere“

250 2293 329 2407 'apua
351 2325 496 2391 ceraton
519 2329 542 2396 1.
565 2327 612 2394 lt.
634 2322 777 2393 erano
800 2330 946 2394 arcton.
988 2329 1080 2412 raon
1104 2331 1193 2414 apua
1215 2329 1353 2395 eranum

250 2447 429 2514 certissima
452 2449 647 2514 coniectura
662 2450 882 2516 scribendum
905 2471 985 2542 esse
1005 2451 1078 2519 uio:
1425 2447 1429 2452 ’

370 2601 403 2667 ἀ»
426 2623 470 2665 m.
493 2604 529 2664 in
549 2603 736 2670 dedicanda
756 2605 839 2670 aede
851 2604 936 2692 Opis
954 2604 1075 2669 uerba
1095 2607 1240 2670 dicere·
1337 2608 1342 2616 '

318 2751 393 2828 Qua
425 2754 558 2840 quidem
586 2757 819 2852 emendatione
848 2757 890 2824 de
913 2767 1025 2824 aetate
1053 2754 1166 2844 templi
1185 2728 1288 2845 ’quod
1312 2762 1351 2827 'in

249 2868 397 2956 Capitolio
435 2875 534 2942 situm
566 2871 812 2967 nonnumquam
845 2870 1143 2975 eommemoratur',
1185 2880 1349 2948 certiores

248 2986 337 3059 finus.
823 2993 826 3004 '

600 3272 603 3281 ‚
635 3166 923 3245 176=ibidem
1364 3181 1428 3247 2⁰7

286 3319 412 3395 Altera
444 3318 612 3401 exterior
644 3320 834 3426 (fistulo)
865 3322 1073 3423 appellatur
1103 3347 1207 3399 saue
1240 3325 1351 3423 gula¹

284 3482 363 3555 qua
390 3456 499 3532 cibus
523 3466 634 3556 atque
662 3468 774 3558 potus
799 3458 960 3536 devolat.
1042 3475 1046 3482 ’
1269 3476 1274 3485 ’

314 3638 512 3725 Appellatur
532 3617 718 3726 simgiusq
735 3642 832 3708 eodd.
852 3642 986 3731 optimis
1008 3645 1109 3726 dedit,
1132 3670 1230 3734 quum
1242 3625 1341 3735 vulgo

244 3758 408 3843 appellatae·
434 3757 614 3845 legeretur.
680 3762 837 3829 Attamen
869 3785 992 3829 vocem
1018 3786 1099 3830 sune
1126 3777 1202 3833 tuuc
1229 3780 1345 3853 aptam¹

244 3896 296 3942 uon
316 3899 395 3945 esse
418 3888 572 3965 apparet.
604 3878 711 3944 Utitur
733 3900 774 3945 ea
789 3876 929 3963 Plinius,
950 3884 1005 3947 ubi
1027 3904 1097 3949 rem
1119 3885 1250 3949 dubiam
1269 3888 1339 3972 qui·

195 4057 196 4060 ,
243 3994 303 4063 dem
325 4020 404 4066 esse
428 3998 595 4085 signifieat
616 4000 678 4066 sed
700 4000 746 4067 ita
767 3974 1074 4086 comparatumqut
1095 4006 1169 4089 ipse
1192 3980 1338 4091 opinioni

242 4130 385 4201 receptae
408 4140 475 4182 non
496 4129 672 4204 repugnet.
714 4118 764 4183 lta
786 4116 873 4184 infra
891 4120 919 4207 §.
934 4115 1005 4187 267.
1026 4123 1210 4201 „credatur
1230 4097 1338 4189 sarrei‘
1435 4118 1438 4122 ’

243 4234 347 4303 dietum
358 4237 525 4322 reperies.
558 4239 660 4325 Atqui
676 4236 742 4305 hoe
759 4238 834 4305 loeo
850 4239 891 4305 de
905 4226 984 4325 'gula
999 4240 1149 4308 dubitare
1165 4244 1336 4310 nonlicet:

241 4352 337 4439 itaque
361 4357 403 4421 ad
430 4358 658 4424 coniecturam
681 4357 942 4447 confugiendum
968 4373 1030 4429 est.
1084 4364 1182 4438 Quae
1203 4365 1335 4451 quidem

241 4471 314 4542 loelli
336 4478 597 4563 transpositione
625 4478 808 4564 perficitur.
831 4568 837 4577 .
860 4480 1001 4575 Dixerat
1025 4482 1169 4564 Plinius,
1199 4485 1275 4551 elbo
1302 4486 1335 4552 in
1424 4454 1429 4464 .

196 4596 197 4669 i
242 4597 382 4663 arteriam
406 4595 616 4685 alienumque
638 4600 804 4668 tramitem
824 4597 963 4688 r'eeepto
986 4601 1152 4671 hominem
1172 4610 1337 4694 torqueri:
