3700 5625
498 561 561 629 12⁰
949 557 1050 627 Liber
1072 556 1161 628 Vn.

497 745 731 834 Borysthenen
752 745 905 811 habiture
928 745 1100 812 tradiderit
1118 747 1290 833 isigonus,
1309 745 1543 813 Sauromatas
1557 745 1613 812 ihi-

500 867 575 934 dem
597 862 765 930 collocare
782 883 850 929 non
875 864 993 948 potnit.
1045 864 1144 939 Quod
1166 864 1267 950 igitur
1286 864 1319 929 in
1341 864 1426 930 eorl.
1450 864 1480 928 T
1504 863 1615 948 legitur

497 985 585 1060 Xlll,
607 983 675 1049 hoe
697 981 773 1048 loeo
795 981 1022 1066 recipiendum
1045 993 1107 1048 est.
1137 981 1217 1046 lllos
1234 993 1345 1048 autem
1364 982 1502 1050 Plinius
1511 981 1614 1047 [vet.

498 1123 565 1168 non
592 1113 659 1166 tam
689 1112 847 1165 accurate
875 1119 974 1184 quam
1000 1119 1020 1164 e
1046 1098 1178 1184 vulgari
1205 1101 1374 1184 scripture
1404 1101 1546 1166 videtur
1566 1101 1616 1162 de·

498 1221 645 1307 scripsit.
689 1221 804 1307 ltaque
827 1229 980 1303 praestat
997 1219 1104 1285 verba
1126 1220 1246 1307 quihus
1268 1221 1452 1286 adlihrum
1469 1230 1615 1305 quartum

497 1337 659 1404 lectorem
680 1337 801 1420 refert,
833 1337 879 1401 ita
900 1337 1014 1423 potius
1033 1337 1282 1423 interpungere,
1303 1350 1339 1404 nt
1360 1356 1554 1404 mensurae
1573 1336 1614 1400 in·

500 1457 623 1523 dicatio
646 1456 688 1518 ad
711 1456 879 1540 isigonum
902 1455 1087 1538 pertineat:

549 1572 705 1650 Priores
727 1573 1086 1673 Anthropophagos,
1126 1598 1219 1674 quos
1247 1575 1293 1650 nd
1320 1574 1612 1676 septentrionem

552 1734 637 1786 esse
659 1707 832 1802 diximus,
854 1708 986 1784 decom
1013 1708 1158 1784 dierum
1184 1716 1245 1783 rel.

422 1931 483 1999 149
753 1917 760 1932 '
932 1908 979 1985 18
992 1909 1189 1985 :ibidem

551 2050 658 2126 Adeo
681 2059 854 2144 naturae,
886 2072 970 2124 oum
996 2048 1157 2125 ferarum
1181 2073 1320 2124 morem
1342 2045 1528 2125 vescendi
1555 2045 1612 2118 hu-

550 2183 885 2262 manisvisceribus
907 2183 953 2259 in
974 2183 1153 2259 homine
1175 2183 1442 2283 genuisset,
1465 2182 1610 2282 gignere

552 2319 663 2394 etiam
700 2318 739 2393 in
777 2329 854 2394 toto
892 2344 1051 2418 corpore
1084 2328 1123 2393 et
1153 2318 1192 2393 in
1224 2320 1460 2418 quorundum
1502 2313 1610 2392 oculis

552 2477 853 2555 quoquevenena
869 2453 1019 2551 placuit,
1040 2477 1088 2527 ne
1110 2453 1199 2552 quid
1217 2478 1370 2553 usquam
1391 2453 1491 2556 mali
1506 2459 1610 2540 esset,

553 2591 652 2690 quod
673 2589 712 2665 in
732 2589 880 2665 homine
906 2613 980 2665 non
1006 2599 1119 2664 esset.

583 2759 678 2827 Ferri
706 2757 836 2846 quidem
869 2779 975 2845 posse
1007 2757 1178 2849 vulgatam
1210 2760 1410 2846 scripturam
1450 2753 1609 2835 oonoedo,

499 2898 600 2962 quum
628 2877 763 2944 Solinus
787 2898 920 2963 quoque
949 2898 980 2945 o.
997 2870 1046 2945 15.
1075 2877 1219 2943 humana
1241 2880 1376 2943 viscera
1407 2880 1508 2943 cibos
1537 2892 1607 2939 exe·

500 2998 649 3062 urendos
674 2995 915 3081 appellaverit:
946 2995 1008 3061 sed
1039 2996 1093 3059 vix
1116 2994 1287 3060 serendam
1310 3016 1389 3063 esse
1414 3009 1451 3062 et
1475 2984 1526 3060 'vir
1547 2988 1608 3076 qni·

500 3116 576 3182 dam
607 3118 727 3181 doctus
758 3116 851 3201 apud
872 3114 1125 3203 Daleoampium
1158 3126 1192 3180 et
1215 3115 1252 3182 B.
1278 3114 1467 3182 Rhenanus
1496 3110 1605 3184 sensit,

499 3256 639 3320 quorum
678 3234 892 3300 coniecturas
927 3235 1017 3317 apud
1057 3231 1217 3319 Silligium
1248 3245 1301 3299 est
1336 3234 1465 3321 legere.
1528 3232 1605 3296 Nam

499 3351 639 3437 primum
663 3352 840 3436 displicent
867 3352 973 3417 verba
998 3352 1034 3415 ἱιι
1061 3351 1192 3415 homine
1219 3354 1252 3417 in
1280 3354 1398 3419 eodem
1429 3374 1537 3421 sensu
1562 3347 1607 3412 bis

499 3468 653 3553 repetita,
672 3467 805 3547 deinde,
820 3468 910 3553 quod
929 3468 1066 3553 gravius
1081 3480 1145 3545 est,
1163 3470 1274 3555 inepte
1286 3474 1385 3538 homo
1404 3476 1466 3539 toti
1480 3462 1606 3553 corpori

500 3586 699 3671 opponitur,
719 3595 756 3649 ut
777 3586 867 3650 initio
888 3586 931 3649 de
948 3583 1099 3661 homine,
1122 3596 1188 3652 tum
1210 3590 1252 3653 de
1273 3601 1343 3655 toto
1365 3612 1535 3679 corpore,
1557 3604 1606 3673 po·

499 3715 623 3770 stremo
646 3703 688 3768 (le
711 3699 818 3767 oeulis
840 3702 983 3767 hominis
995 3701 1118 3767 Plinius
1139 3702 1228 3791 loqui
1247 3708 1412 3779 videatur.
1442 3714 1513 3779 lam
1529 3722 1604 3774 vero

500 3822 582 3889 nihil
609 3821 744 3888 facilius
770 3821 842 3886 lieri
866 3823 982 3906 potnit,
1010 3842 1108 3907 qnam
1131 3835 1167 3888 ut
1191 3828 1356 3894 vocabula
1378 3832 1415 3894 in
1439 3831 1606 3898 homines

500 3943 615 4011 scriba
645 3963 665 4008 e
692 3943 881 4027 posteriore
913 3961 1016 4006 versu
1050 3942 1082 4007 in
1116 3944 1254 4011 similem
1285 3948 1396 4015 locum
1428 3941 1605 4036 superioris

501 4059 772 4126 transferrentur.
816 4060 891 4135 Quo
919 4058 1067 4124 admisso
1096 4062 1261 4129 correinna
1287 4079 1446 4133 nascetur
1478 4079 1512 4133 et
1538 4078 1604 4129 oum

501 4178 666 4244 brevitate
689 4177 867 4242 coniuncta
885 4176 1053 4241 sermonis
1075 4175 1263 4263 elegantias

544 4292 639 4359 Adeo
667 4302 826 4374 naturae,
857 4316 932 4358 oum
956 4292 1107 4381 seronem
1132 4321 1255 4365 morem
1282 4302 1436 4367 uescendi
1462 4297 1605 4370 tanoni

545 4410 722 4477 oneratus
743 4414 951 4503 irepennisset
968 4413 1029 4479 rel.

585 4529 635 4595 lta
650 4526 912 4616 plangimus:
935 4530 1070 4596 Homer
1085 4536 1213 4622 corpori
1233 4536 1415 4624 ingenious
1434 4536 1500 4627 {isit
1511 4536 1604 4603 otoo·
