3700 5625
467 740 537 817 228
916 746 1005 809 aaa
1018 744 1156 811 XXXV.

555 946 672 1021 &abab
697 940 744 1024 B,
774 945 900 1020 mama
925 938 956 1005 V
977 939 1008 1005 R
1033 940 1055 1005 1.
1083 958 1111 1007 a.
1138 944 1275 1020 muntia
1300 936 1388 1025 quod
1414 936 1522 1023 ipsum
1548 937 1579 1000 in

475 1058 568 1127 oodd
589 1058 726 1123 Barbari
748 1056 848 1123 inisse
869 1054 1022 1140 meditor,
1043 1056 1221 1123 raatimims
1238 1055 1326 1121 baud
1349 1054 1457 1121 dubia.

392 1169 455 1240 780
880 1180 949 1253 tau
974 1198 1016 1233 ==
1041 1172 1189 1252 ibidem.

525 1308 661 1385 -vei
698 1305 920 1383 adsiduitate
946 1307 1079 1384 satiant
1112 1305 1318 1406 figlinarum
1345 1328 1478 1407 opera,
1518 1306 1581 1381 im-

513 1441 708 1555 bricibus,
748 1438 858 1517 doliis
895 1439 944 1517 ad
976 1440 1063 1517 vina
1102 1439 1339 1534 excogitatis,
1380 1438 1428 1515 ad
1467 1461 1581 1538 aquas

523 1572 682 1663 tubuliS‚
720 1572 768 1648 ad
796 1571 961 1650 balineas
987 1572 1208 1663 mammatiS,
1242 1572 1290 1648 ad
1315 1576 1414 1649 teuta
1441 1568 1582 1650 coctili-

526 1707 595 1783 bus
635 1702 821 1783 latereulis
866 1704 1213 1803 fundamentisque,
1269 1712 1333 1781 aut
1370 1726 1466 1805 quae
1505 1712 1582 1783 rota

524 1838 615 1916 fiunt
640 1837 706 1915 rel.

557 1971 852 2056 Ingeniosiasimam
874 1971 1154 2057 transpositionem
1176 1990 1239 2057 qua
1252 1971 1349 2037 Ianus
1371 1987 1456 2033 nuno
1479 1968 1580 2033 losum

475 2089 696 2175 perturbatum
718 2087 890 2154 amandare
911 2088 1022 2171 voluit,
1049 2087 1219 2175 probaram
1241 2088 1381 2171 omniuo,
1403 2086 1465 2150 nisi
1487 2085 1582 2150 verba

475 2211 543 2291 ,aut
586 2225 669 2291 quae
705 2200 805 2270 manu'
846 2208 1007 2291 aptantur‘
1050 2225 1092 2270 ex
1124 2204 1239 2271 Isidori
1275 2205 1353 2291 orig.
1386 2202 1505 2269 XM
1537 2204 1583 2267 in·

476 2322 615 2387 uerenda
658 2342 730 2387 asse
772 2343 790 2387 a
832 2321 946 2387 Bamb.
990 2322 1127 2389 leudona
1169 2329 1428 2408 subsequeretur.
1473 2320 1583 2387 Bamb.

343 2464 346 2470 ·
477 2440 561 2504 enim
583 2458 681 2521 quum
704 2442 856 2527 seriptum
878 2438 1030 2505 exhibeat
1051 2446 1099 2504 vet
1117 2460 1195 2521 quaa
1212 2444 1404 2505 adsiduitatis
1421 2439 1506 2525 (non
1529 2442 1583 2502 ad·

476 2562 619 2620 uiduitate
653 2562 690 2620 ut
720 2563 769 2621 est
803 2556 890 2642 apud
912 2557 1016 2639 Sili),
1056 2560 1101 2623 sio
1134 2561 1241 2643 potius
1272 2555 1490 2623 continuanda
1517 2562 1586 2620 erat

477 2674 575 2741 Plinii
590 2676 707 2738 oratio:
730 2680 776 2738 aet
787 2694 866 2754 quae
880 2695 974 2739 mana
997 2685 1146 2755 aptantur
1167 2686 1220 2739 aut
1235 2694 1313 2755 quae
1332 2685 1403 2739 rota
1420 2680 1506 2753 fiunt,
1530 2678 1584 2737 ad·
1661 2754 1662 2767 χ

477 2796 621 2857 uiduitate
641 2796 754 2856 satiant
771 2797 943 2872 fialtaaram
962 2813 1058 2873 opera
1081 2792 1135 2860 reb
1181 2791 1379 2858 Vocabulum
1413 2796 1585 2858 imbricibus

479 2911 541 2975 nisi
562 2910 692 2975 omnino
716 2910 965 2996 expungendum
987 2917 1053 2994 ast,
1076 2917 1161 2976 naute
1184 2931 1204 2976 a
1224 2933 1275 2976 vv.
1298 2911 1350 2978 dd.
1366 2931 1439 2977 oum
1454 2910 1585 2976 vooibus

480 3033 524 3092 ad
544 3038 624 3093 tecta
645 3027 857 3114 coniungitur.
1519 2999 1533 3024 ⁸

395 3151 456 3220 781
889 3117 959 3191 160
985 3131 1018 3162 =
1043 3111 1193 3190 ibidem.

529 3245 566 3319 in
592 3242 696 3320 ltalia
717 3279 758 3298 —·
788 3243 896 3320 Asta.

560 3375 635 3441 Non
656 3376 739 3440 Asta
759 3372 817 3440 aad
838 3379 938 3440 Hasta
965 3375 1118 3462 oppidum
1141 3376 1367 3463 appellandum
1390 3383 1477 3461 erat,
1513 3398 1583 3443 nam

481 3497 579 3560 stiam
600 3495 634 3558 in
655 3491 815 3578 Hispania
836 3491 962 3576 ,Hasta‘
999 3493 1182 3558 nominatur
1209 3494 1294 3580 apud
1315 3493 1520 3558 Hanzanium
1542 3499 1584 3559 iu-

482 3633 541 3677 aor.
563 3614 632 3678 Lat.
655 3611 695 3675 11.
717 3611 799 3696 pao
823 3618 856 3676 et
876 3611 1023 3676 Italioum
1044 3610 1123 3675 illud
1144 3618 1177 3675 et
1198 3610 1229 3674 h.
1250 3612 1271 3675 1.
1294 3612 1327 3675 in
1348 3610 1410 3676 Bu
1431 3619 1464 3676 et
1476 3585 1536 3677 111.
1548 3611 1585 3680 49

480 3733 514 3793 in
534 3731 566 3792 A
586 3728 729 3792 omnium
741 3731 863 3815 optimo
884 3727 968 3795 oon
989 3728 1035 3794 ita
1049 3728 1205 3812 andbitun,
1226 3730 1290 3794 levi
1308 3749 1414 3794 errore
1427 3733 1461 3794 in
1477 3730 1583 3795 tabula

480 3846 731 3930 Pautiageriana
752 3850 861 3929 Hasta,
882 3847 1012 3911 nomina
1033 3845 1154 3911 soilioat
1174 3847 1216 3912 ab
1234 3846 1329 3913 hasta
1350 3845 1457 3914 duoto.

400 3987 461 4057 732
894 3969 961 4042 161
989 3997 1023 4028 =
1048 3965 1197 4044 ibidem.

531 4096 618 4174 Cois
643 4095 724 4174 laus
750 4096 920 4191 maxima,
947 4095 1142 4176 Hadrianis
1168 4097 1329 4174 firmitas.

564 4230 638 4295 Non
651 4230 734 4295 bene
756 4229 847 4312 ‚laus‘
866 4235 898 4294 st
920 4227 1074 4312 ,firmitaa‘
1095 4229 1179 4294 inter
1192 4250 1228 4295 se
1242 4235 1478 4314 comparentur,
1501 4235 1582 4294 uerte

483 4348 643 4434 quaedam
663 4348 734 4412 laus
747 4346 823 4411 Cois
843 4349 930 4411 vasis
952 4345 1049 4412 tribui
1060 4348 1204 4433 putanda
1215 4355 1265 4412 eat
1286 4347 1467 4433 epi-oxima
1481 4364 1580 4425 sensu,

481 4468 539 4532 ubi
568 4465 753 4551 ,amphorae
783 4464 866 4528 duaa
891 4472 1024 4552 propter
1050 4467 1251 4531 tenuitatem‘
1285 4464 1431 4551 Erythris
1460 4461 1579 4528 ostendi

351 4591 355 4599 ’
484 4585 647 4667 dieantur,
674 4584 860 4670 reputanda.
902 4587 1015 4670 itaqua
1046 4586 1191 4671 repetitis
1218 4585 1334 4650 litteris
1355 4589 1386 4648 ta
1413 4581 1578 4668 legandum

487 4708 553 4765 eat:
582 4708 653 4767 Cata
673 4708 742 4768 tua
764 4708 833 4768 aas
852 4724 903 4790 aa,
923 4707 962 4768 H.
981 4707 1006 4780 s.
1028 4740 1069 4753 -
1090 4704 1119 4788 ᾖ.
1140 4705 1199 4772 171
1224 4708 1298 4789 post
1324 4719 1427 4768 eorum
1452 4707 1505 4783 qut
1530 4696 1579 4763 adi·
1658 4695 1659 4704 ’
