3700 5625
672 573 775 662 Lbet·
795 575 905 656 Vm.
1284 573 1347 646 189

245 769 292 830 set
312 769 390 846 post
408 759 613 830 Sulmusinm
634 785 666 850 p.
680 761 755 830 ³08.
773 761 974 832 lietduinus.
993 759 1114 849 Neque
1123 758 1214 848 quod
1234 759 1345 834 nond·

245 879 384 946 Rdedit
411 879 578 966 Silligins,
608 889 834 975 eourtutosqur
865 878 1040 949 serendum
1071 888 1135 947 est.
1195 877 1283 942 Nem
1311 889 1346 956 et

244 998 380 1064 oourturi
400 1019 473 1066 nou
490 999 578 1067 bono
590 997 744 1068 dimotur
764 998 934 1067 dreooues
949 1007 984 1064 et
994 996 1195 1065 vooobuluur
1210 995 1345 1083 aliquod

243 1117 430 1202 requiritur,
452 1139 520 1204 quo
545 1118 728 1200 indicetur,
762 1119 932 1204 quomodo
951 1137 1070 1185 munus
1092 1115 1345 1203 elephantorum

241 1235 410 1323 illigentur.
456 1235 601 1307 Codices
627 1237 716 1307 Mes.
750 1236 914 1307 iuniore
946 1238 1135 1322 scripturus
1168 1234 1344 1305 exhibente

244 1363 466 1450 coortamque
485 1355 571 1434 li’o,
592 1363 796 1451 anesusque
811 1377 829 1421 r
845 1355 978 1440 (lton),
999 1363 1187 1450 omneque
1206 1355 1256 1434 dt,
1276 1375 1344 1420 mo·

244 1479 349 1566 terque
371 1471 454 1551 'l'd¹,
477 1491 666 1568 morsusque
684 1474 759 1542 ood.
779 1472 885 1543 Petis.
906 1471 1009 1540 Hurd.
1027 1471 1194 1557 Frigidius
1214 1473 1343 1542 soluo

243 1589 304 1654 sius
330 1589 484 1658 oonieoit
512 1591 695 1685 utinense,
731 1589 894 1656 undosius
922 1589 1118 1660 pellicerius
1146 1591 1343 1686 intortum

242 1705 378 1778 Facilius
414 1727 461 1776 ex
490 1716 679 1800 anatome
705 1705 849 1774 effioitur
890 1706 1134 1803 artubusque
1169 1709 1212 1778 de
1243 1711 1344 1779 nodis

243 1829 460 1894 membrorum
482 1829 997 1915 quburmanueeoosoingtoor,
1018 1839 1119 1916 utque
1133 1829 1344 1916 idreoinien·
1435 1845 1442 1854 ·

245 1945 310 2012 dum
331 1967 417 2012 esso
438 1948 592 2016 arbitror.
924 2013 929 2021 ,
973 2012 977 2020 ,
1322 2007 1326 2016 .

316 2067 346 2153 §·
362 2065 421 2138 36.
455 2068 572 2134 neseio
598 2069 765 2154 quomodo
794 2066 942 2154 Siligiuu
972 2069 1175 2155 soripturorn
1206 2065 1345 2135 lemno

245 2205 332 2268 quem
354 2206 375 2252 e
399 2187 477 2252 ood.
500 2183 552 2255 R’
576 2186 721 2270 recepit,
748 2184 911 2270 explioet,
942 2206 1042 2273 qunrn
1061 2183 1199 2276 uulgato
1220 2184 1345 2252 lmus

245 2312 272 2365 et
289 2303 320 2366 in
334 2301 479 2388 reliquis
500 2300 592 2366 libris
614 2302 798 2372 invenietur
816 2313 851 2369 ot
870 2305 994 2370 bouum
1012 2323 1151 2403 sensuro
1170 2305 1344 2395 praebere

314 2455 399 2522 Item
422 2454 550 2522 erravit
572 2453 604 2541 §.
623 2453 676 2520 to.

285 2592 394 2692 Quos
422 2589 566 2692 possint
592 2589 761 2692 (leones)
793 2588 831 2665 in
856 2591 1062 2668 mandendo
1090 2592 1208 2670 solido
1231 2595 1344 2673 devo
1362 2617 1424 2684 173

284 2751 367 2802 rure
389 2753 463 2803 neo
485 2725 653 2829 cupiente
676 2727 886 2804 aviditatem
908 2731 990 2808 alvo
1012 2731 1189 2808 coniectis
1210 2732 1250 2809 in
1265 2735 1344 2813 fau-

287 2889 347 2939 ces
374 2862 562 2964 unguibus
591 2862 801 2961 extrahere,
827 2874 881 2963 ut,
908 2867 941 2943 si
965 2868 1179 2971 fugiendum
1204 2870 1250 2948 in
1275 2897 1344 2949 so-

288 2998 476 3093 tiotuto,
503 3000 678 3073 obeunt.
1079 2993 1083 2999 ’

318 3135 450 3201 Locum
472 3134 630 3225 Silligius,
651 3134 780 3223 qualem
803 3138 846 3201 ub
859 3137 1032 3205 Herduino
1053 3143 1265 3217 constitutum
1286 3146 1345 3213 de·

250 3254 296 3339 dit,
305 3254 502 3323 lacunosum
513 3256 578 3320 sibi
589 3255 694 3321 videri
704 3257 750 3323 nit
759 3267 793 3322 et
803 3232 889 3343 quoe
901 3258 1003 3345 vulgo
1017 3258 1183 3347 leguntur,
1191 3282 1235 3327 ex
1245 3262 1345 3329 inter·

249 3372 405 3477 potatione
426 3385 502 3439 orte
522 3395 626 3441 sensu
647 3376 734 3445 iusto
755 3397 886 3445 oerore·
919 3366 1202 3470 Sedhioqnoqne
1222 3384 1345 3453 bouum
1475 3442 1478 3445 .

250 3491 377 3571 quaein
399 3487 493 3554 libris
512 3490 598 3555 Mss.
626 3501 738 3557 exstet
758 3491 936 3561 lectionem
958 3497 1119 3565 immerito
1147 3505 1276 3587 sprevit
1294 3505 1346 3570 vir

250 3606 462 3685 doctissimus·
514 3606 651 3673 Seilioet
671 3628 758 3693 quoe
780 3608 873 3677 Plinii
896 3617 1063 3682 sententie
1091 3616 1210 3700 fuerit,
1240 3621 1345 3689 Solini

250 3728 350 3793 verbis
364 3724 590 3812 cenetense,
610 3727 665 3813 qui
687 3728 763 3795 dum
781 3729 827 3795 ltu
847 3728 1013 3819 loquitur:
1032 3735 1140 3820 „Tum
1160 3741 1249 3825 quod
1272 3762 1344 3808 eor·

250 3862 302 3909 nes
326 3846 415 3910 iusto
442 3845 585 3929 amplius
607 3845 789 3913 devoratae
815 3869 888 3915 curn
915 3867 1117 3941 gravantur,
1147 3824 1281 3926 insertis
1309 3863 1343 3927 in

251 3983 301 4027 ore
320 3964 487 4051 unguibus
507 3977 628 4050 sponte
650 3967 861 4051 protrahunt.
905 3972 997 4038 Sene
1019 3985 1052 4039 et
1064 3996 1139 4041 oum
1152 3974 1343 4061 fugiendum

251 4092 294 4145 ost
311 4084 344 4148 in
364 4082 539 4163 satietate,
565 4086 653 4151 idem
681 4085 849 4171 factunm,
879 4092 1055 4159 manifesto
1078 4094 1121 4161 de
1142 4098 1272 4165 duobus
1292 4103 1345 4168 di-

251 4206 347 4269 rersis
371 4205 475 4270 rebus
501 4206 556 4290 ogi
585 4208 738 4273 ostendit.
786 4210 872 4276 Num
894 4222 929 4278 et
949 4214 1114 4281 stomuolri
1138 4222 1345 4288 exonerandi

252 4336 345 4385 ounso
362 4322 420 4389 leo
441 4322 565 4408 unoqui
578 4324 726 4408 quietus*
742 4326 838 4393 eibos
859 4331 1006 4399 extrahit
1026 4344 1067 4399 et·
1080 4332 1180 4422 quum
1201 4358 1224 4405 o
1243 4360 1344 4409 venu-

251 4437 365 4505 toribos
385 4437 565 4507 lmessitns
586 4441 620 4507 iu
640 4441 756 4531 iugum
776 4466 816 4512 ss
836 4450 988 4538 surripit,⁴
1007 4474 1133 4539 ourues
1146 4474 1238 4546 quus
1253 4462 1344 4549 quio·

252 4560 300 4622 tus
317 4558 449 4643 quidem
471 4559 627 4648 digerere
647 4567 780 4635 omniuo
801 4583 935 4656 possete
962 4576 1269 4669 exiurltienoibns3
1298 4604 1344 4652 ue
