3700 5625
497 565 541 634 ω
961 557 1064 624 liber
1085 556 1150 624 Vt.

498 749 595 818 Plinii
609 747 832 816 testimonium
846 744 989 812 accedit.
1017 743 1117 822 Quod
1139 742 1227 809 enim
1249 743 1317 809 iam
1327 739 1620 810 auteafavoniam

497 869 676 957 Hippalum
695 866 843 944 vocarit,
865 865 894 928 si
914 865 1015 929 modo
1036 864 1111 949 ipsa
1132 863 1309 947 scriptoris
1326 863 1445 927 verba
1458 861 1620 948 leguntur,

496 989 697 1058 factumest
720 1006 782 1070 per
810 983 983 1068 prolepsin
1006 993 1156 1049 ceterum
1183 982 1436 1059 rectissimam,
1470 981 1621 1066 qnoniam

498 1129 538 1175 re
564 1127 647 1172 vera
674 1102 838 1188 Hippalus
864 1099 1001 1167 favonio
1031 1113 1132 1167 vento
1157 1102 1350 1185 respondet
1399 1097 1554 1164 Difficile
1575 1109 1622 1164 est

498 1227 698 1302 diiudicata,
725 1223 883 1309 quamdin
905 1211 1045 1286 Patalen
1072 1221 1264 1307 navigatum
1288 1218 1347 1298 sit,
1381 1217 1416 1284 is
1448 1229 1548 1284 certe
1574 1218 1622 1303 qai

499 1365 520 1411 a
547 1345 716 1412 Strabone
742 1343 781 1410 11.
810 1363 842 1425 p.
859 1331 934 1405 1182
962 1353 996 1406 et
1016 1339 1092 1406 XV.
1113 1362 1147 1425 p.
1161 1337 1235 1403 080.
1263 1337 1479 1405 describitur
1505 1357 1621 1404 cursus

499 1465 654 1548 Sigerum
681 1462 857 1542 tendebat,
887 1463 1012 1547 quippe
1038 1459 1094 1546 qui
1119 1460 1173 1524 diu
1200 1459 1352 1526 valuisse
1371 1457 1452 1525 h.l
1482 1458 1620 1522 dicatur.

498 1578 734 1665 Imperfectum
757 1591 869 1645 autem
896 1580 1176 1666 „infestabant“,
1201 1579 1294 1665 qaod
1315 1599 1336 1643 e
1357 1577 1468 1644 codd.
1496 1574 1620 1659 recepit

498 1696 663 1782 Silligius,
691 1700 810 1764 eodem
836 1701 938 1764 modo
966 1698 1116 1765 adhibuit
1137 1696 1261 1764 Plinius
1289 1719 1356 1784 quo
1383 1695 1483 1778 infra
1511 1694 1542 1782 §
1552 1692 1618 1762 105.

497 1816 616 1906 utitur,
645 1815 777 1882 scilicet
801 1816 1027 1902 supplendam
1054 1829 1125 1882 est:
1156 1837 1260 1896 „cum
1281 1817 1471 1902 proderem
1495 1814 1618 1878 baec“.

497 1934 583 2001 Nam
612 1935 741 2020 piratas
774 1958 882 2022 prope
912 1937 1096 2022 emporium
1125 1935 1277 2000 Mazirim
1306 1929 1493 2002 habbasse
1525 1933 1617 1997 etiam

498 2054 617 2140 peripli
638 2066 758 2120 auctor
778 2057 924 2126 tradidit.
969 2057 1064 2130 Quae
1082 2054 1183 2141 igitur
1202 2057 1233 2142 §.
1244 2054 1316 2118 100.
1330 2065 1365 2120 et
1378 2053 1458 2118 101.
1483 2068 1617 2116 norrun

498 2184 563 2252 tur,
584 2174 667 2238 laba
688 2173 856 2241 retulerat
886 2175 979 2240 lolem
1002 2174 1102 2240 ctiam
1122 2174 1186 2239 iter
1205 2195 1269 2258 per
1290 2172 1493 2260 Aegyptum
1513 2185 1615 2252 usqne

498 2291 541 2356 ad
563 2291 749 2357 Berenicen
771 2305 902 2377 portum
927 2294 1061 2358 videtur
1083 2293 1303 2378 exposuisse,
1325 2292 1416 2377 quod
1440 2311 1463 2355 e
1488 2283 1614 2374 periplo

499 2409 645 2474 describi
666 2431 734 2474 non
750 2412 862 2494 potuit.
884 2413 1035 2502 Namque
1048 2412 1253 2478 camelorum
1267 2411 1479 2488 mansiones,
1503 2403 1614 2494 quales

499 2525 576 2592 inde
598 2547 618 2591 a
641 2525 750 2615 Copto
777 2544 1031 2615 enumerantur,
1054 2531 1153 2595 etiam
1176 2529 1247 2594 ΧΠ.
1265 2528 1317 2597 64.
1346 2551 1365 2596 e
1391 2530 1502 2595 lubae
1531 2544 1612 2591 com-

498 2647 669 2713 mentariis
697 2660 849 2735 sumptas
880 2670 959 2717 esse
987 2647 1193 2715 coniecimus
1218 2668 1250 2714 et
1276 2649 1360 2714 alius
1387 2661 1514 2715 auctor
1540 2645 1572 2711 b.
1591 2642 1611 2708 l.

498 2785 565 2831 non
580 2764 746 2855 laudatur,
769 2753 1091 2861 qunm§.170.lnba
1112 2767 1388 2855 „diligentissime
1408 2775 1610 2854 persecutns

498 2884 610 2951 baeo“
639 2887 777 2955 dicator.
826 2890 969 2957 Accedit
992 2891 1080 2976 quod
1103 2889 1275 2974 iuliopolis
1303 2890 1392 2953 unde
1411 2889 1496 2955 Nilo
1519 2883 1609 2950 navi-

498 3008 624 3091 gabant
645 3005 799 3095 Captum,
824 3020 858 3075 et
879 3030 966 3097 quae
988 3009 1067 3075 alibi
1087 3030 1156 3073 non
1178 3020 1474 3095 commemoratur,
1495 3008 1531 3073 ia
1544 2999 1608 3067 lulii

500 3125 658 3193 Caesaris
680 3127 842 3214 honorem
861 3129 904 3193 ab
918 3129 1104 3194 Octaviano
1125 3148 1246 3193 nomen
1269 3127 1450 3214 accepisse
1471 3126 1606 3191 ridetur.

581 3245 707 3312 Urbem
731 3248 818 3312 unde
831 3246 1011 3313 Nearchus
1035 3247 1194 3333 navigare
1212 3246 1335 3331 coepit,
1356 3244 1399 3308 ab
1412 3238 1606 3310 Alexandro

498 3363 664 3429 conditam
687 3386 765 3431 esse
788 3368 924 3431 tradidit
947 3366 1085 3449 Plinius,
1107 3385 1129 3429 a
1149 3364 1307 3430 Nearcho
1331 3386 1431 3450 quum
1452 3365 1604 3430 indorum

497 3480 661 3545 seditione
680 3493 717 3547 ut
738 3484 900 3548 maturius
914 3484 1065 3549 solveret
1083 3494 1221 3547 coactus
1234 3493 1338 3561 esset,
1359 3483 1393 3549 in
1409 3474 1604 3550 occidentali

496 3595 631 3663 flumina
652 3596 852 3665 festinanter
869 3613 1075 3667 exstructam
1087 3622 1167 3669 esse
1180 3600 1325 3667 coniecit
1332 3601 1520 3687 Lassenius
1532 3596 1605 3663 Aut.

496 3713 567 3781 ind.
582 3714 620 3782 ll.
633 3712 663 3779 l.
683 3738 714 3800 p.
731 3715 803 3782 190.
854 3718 937 3785 Mihi
959 3720 1070 3804 potius
1095 3722 1183 3786 sicat
1205 3720 1336 3787 Rittero
1358 3720 1482 3807 Geogr.
1494 3716 1557 3786 rol.
1566 3712 1603 3778 V.

498 3833 613 3918 ntra.
633 3834 743 3904 altera
763 3838 863 3904 statio
887 3849 1022 3923 praeter
1044 3838 1185 3905 Patalen
1206 3859 1282 3905 cum
1303 3840 1480 3905 navalibus
1508 3831 1602 3921 signi·

496 3951 590 4018 ficari
628 3955 773 4035 ridetur,
817 3957 860 4022 ab
897 3955 1096 4024 Alexandro
1132 3959 1166 4024 in
1205 3955 1357 4025 orientali
1396 3956 1470 4022 lodi
1509 3952 1602 4021 alveo

497 4072 632 4137 condita
658 4073 720 4157 (cf.
733 4075 851 4143 Ariaa.
867 4076 977 4142 Anab.
990 4077 1046 4143 Vl.
1060 4076 1132 4161 20).
1197 4076 1295 4143 Unde
1323 4088 1462 4163 propter
1484 4082 1600 4141 netum

497 4208 517 4253 a
550 4190 770 4259 barbarorum
805 4192 1052 4261 incursionibus
1088 4194 1279 4263 Nearchum
1310 4192 1460 4269 oonsilio,
1482 4199 1601 4259 memte

496 4326 570 4373 oum
599 4310 740 4375 navibus
770 4310 814 4376 ibi
845 4311 997 4380 collectis
1027 4313 1170 4380 Patalen
1201 4315 1346 4382 rediisse
1375 4328 1411 4380 et
1441 4315 1519 4382 inde
1548 4328 1599 4377 oc·

495 4424 750 4494 cidentalilluvii
766 4440 862 4512 parte
880 4431 1062 4516 congress
1076 4434 1233 4515 arbitror,
1247 4435 1310 4501 -nbi
1325 4434 1503 4505 stationem
1516 4431 1597 4499 illam

492 4542 590 4609 sitam
622 4542 729 4613 fuisse
760 4559 1025 4617 consentancum
1053 4563 1125 4632 est,
1147 4574 1247 4641 quam
1273 4574 1336 4639 pro
1366 4571 1450 4621 vero
1473 4546 1597 4623 iurem
