3700 5625
681 748 684 757 1
717 797 806 861 Liber
828 801 899 863 XX.
1318 795 1360 867 99
1388 859 1390 872 .

274 1005 312 1061 est
331 996 419 1060 codd.
449 963 505 1060 ad
526 995 620 1058 lectio
644 1000 677 1057 st
698 993 739 1057 ad
770 1002 918 1079 nepetam
954 985 993 1058 et
1007 995 1047 1059 ad
1079 995 1218 1080 puleium
1249 995 1360 1060 referri

274 1113 400 1193 orem,
434 1113 475 1177 ar.
504 1111 613 1174 orosa.
636 1111 693 1174 ru.
716 1112 758 1178 ao
778 1118 811 1174 er
832 1113 887 1194 373
921 1093 1029 1197 itaqua
1062 1097 1360 1176 nortmannum

274 1238 320 1293 est.
361 1229 512 1293 Getarum
533 1227 615 1292 haec
638 1236 670 1290 et
703 1227 818 1291 similia
851 1228 949 1292 taedii
982 1229 1076 1313 plena
1107 1229 1133 1292 si
1169 1228 1360 1316 quandoque

273 1347 567 1431 praetermittentur,
590 1358 653 1408 non
676 1354 741 1409 taur
765 1346 981 1431 negligentiae
1004 1345 1130 1409 cuidam
1153 1365 1244 1409 ureae
1266 1347 1361 1411 tribui

274 1485 354 1548 quam
366 1463 474 1526 futuro
493 1462 606 1527 editori
618 1463 753 1549 relinqui
769 1464 873 1527 velim.
897 1463 1001 1547 §.169
1022 1463 1170 1528 Pintiano
1193 1465 1360 1528 assentior.
1403 1535 1407 1540 ,

677 1630 938 1719 trt=17oa
1106 1654 1112 1659 ·
1380 1625 1444 1710 seo

311 1759 490 1865 Optimum
523 1757 773 1853 (Heraclium)
802 1761 1002 1854 Creticum3
1029 1784 1112 1836 narn
1139 1766 1176 1837 et
1200 1761 1362 1838 iucunde

311 1891 405 1986 olet}
433 1890 639 1993 proximum
668 1891 911 1991 Zmyrnaeum
940 1894 1188 2003 odorlusletc.

342 2025 445 2098 Quum
490 2025 588 2088 odore
632 2023 791 2088 Oreticum
834 2035 997 2110 praestare
1041 2027 1164 2090 dicatur
1177 2068 1206 2106 ,=
1229 2023 1362 2088 alterum

210 2156 211 2191 1
274 2161 325 2205 non
348 2149 472 2206 oderim
503 2143 559 2204 sed
583 2150 750 2206 irrodorr‘as
778 2162 849 2205 esse
884 2145 1035 2227 sequitur,
1073 2141 1219 2208 vocabuli
1256 2148 1363 2204 autem

210 2234 211 2237 Ἴ
273 2261 383 2323 initium
405 2259 468 2322 fine
491 2261 627 2346 proximi
649 2261 864 2322 oblitteratum
888 2266 945 2323 est.
990 2259 1069 2322 Inde
1092 2262 1153 2342 αξ.
1174 2260 1236 2326 18ss
1248 2276 1363 2342 magno

210 2354 211 2365 ἵ
273 2379 377 2440 auxilio
400 2379 470 2444 cod.
493 2377 672 2462 Vossianus
693 2380 761 2459 erit,
785 2398 846 2461 quo
870 2375 1049 2440 Gronovius
1072 2379 1190 2462 optime
1212 2387 1288 2439 usus
1305 2381 1363 2439 est.

272 2491 458 2576 §.193n0n
477 2499 634 2575 prenderit
665 2495 722 2557 sed
744 2503 923 2579 temporum
946 2495 1162 2558 consecutioni
1186 2503 1363 2558 accommo-

210 2656 211 2659 ,
272 2611 353 2675 datus
370 2618 534 2692 prenderet
554 2613 724 2697 legendum
746 2633 817 2676 esse
840 2612 983 2677 arbitror.
1124 2581 1133 2598 ι

393 2878 397 2881 ,
679 2784 940 2869 eor=1ara
1381 2760 1441 2825 nr

314 2910 478 2985 Alterum
522 2887 757 3010 (papaveris)
795 2910 1074 2989 esilvestribus
1109 2930 1231 3007 genus
1257 2908 1365 2985 hera-

210 3121 211 3126 *
312 3041 402 3119 olion
432 3049 606 3134 vocatur,
632 3046 678 3121 ab
706 3042 787 3120 aliis
812 3044 975 3144 ephron,
1016 3041 1137 3131 lollio,
1177 3042 1207 3117 sl
1235 3040 1364 3141 procul

271 3186 274 3189 ’
315 3176 495 3267 intuearis,
522 3178 713 3276 specimen
734 3200 923 3277 passerum
940 3174 1212 3276 praebentibus,
1239 3174 1364 3250 radice

315 3308 346 3381 in
372 3332 516 3384 summa
541 3318 659 3384 terrae
687 3318 788 3400 cute,
822 3310 972 3391 semine,
990 3331 1156 3409 spumeo.
1209 3308 1266 3383 Ex
1291 3308 1365 3385 hoc

315 3437 383 3515 lina
408 3440 648 3559 splendorem
675 3444 822 3519 trahunt
848 3448 997 3519 aestate.
1025 3440 1203 3517 'funditur
1228 3440 1262 3515 in
1292 3438 1365 3541 pila

315 3570 375 3648 rel.

346 3704 602 3788 Theophrastum
624 3705 680 3770 IX.
705 3707 752 3774 12.
776 3708 796 3771 4
819 3714 851 3771 et
874 3704 1095 3770 Dioscoridem
1117 3702 1171 3768 IV.
1195 3705 1234 3773 67
1257 3712 1366 3769 aucto-

277 3837 317 3879 res
338 3829 482 3884 secutum
500 3840 585 3886 ‘esse
608 3824 747 3887 Plinium
780 3824 896 3888 evitio
919 3832 1053 3908 apparet
1081 3842 1144 3905 quo
1166 3820 1298 3886 herbam
1319 3822 1366 3885 la·

278 3938 384 4001 aarum
408 3936 590 4024 στρούθιον
618 3940 674 4019 (cl.
696 3940 789 4027 XJX.
810 3942 869 4020 481
899 3962 970 4004 cum
1002 3939 1185 4024 passeribus
1205 3935 1368 4021 permuta-

278 4053 325 4116 vit:
347 4056 468 4140 reliqua
489 4057 585 4138 igitur
599 4057 715 4122 iisdem
730 4059 831 4140 libris,
853 4078 871 4119 e
886 4058 1001 4142 quihus
1016 4063 1143 4139 sumpta
1155 4061 1239 4137 sunt,
1261 4074 1368 4118 emen·

279 4168 393 4259 dantur.
438 4172 480 4237 Et
507 4176 643 4259 primum
666 4176 793 4261 quidem
821 4197 886 4239 non
911 4181 1032 4255 aptron
1061 4168 1118 4237 sed
1147 4178 1297 4253 aphrodes
1319 4193 1371 4257 ap-

279 4287 424 4372 pellatur,‘
448 4290 568 4368 ultima
583 4294 707 4377 syllaba
728 4297 903 4378 scripturae
925 4292 1014 4357 codd.
1039 4292 1102 4355 Vd
1131 4296 1227 4372 aphro
1251 4292 1370 4355 addita.

279 4401 347 4468 Tum
369 4410 435 4470 lina
467 4429 531 4470 nou
560 4418 684 4473 aestate
707 4410 809 4473 solum
838 4411 938 4473 lavari
968 4417 1109 4492 constat,
1144 4430 1249 4494 neque
1280 4407 1370 4495 quid-

280 4540 361 4603 quam
389 4526 449 4587 uisi
482 4526 566 4588 haec
596 4526 621 4616 qi
654 4529 695 4591 ’τὰ
731 4526 853 4593 ὀθόνια
886 4528 1099 4594 λευκαίνουσι
1132 4529 1239 4591 retulit
1267 4526 1371 4591 Theo·

281 4639 429 4717 phrastus:
469 4646 576 4728 itaque
599 4654 672 4729 post
696 4669 724 4710 v.
747 4650 873 4709 trahunt
894 4642 1154 4730 distinguendum
1176 4644 1245 4710 erit.
1288 4648 1371 4712 Nam

280 4767 386 4825 aestate
407 4783 471 4825 nou
495 4764 569 4825 lana
592 4766 740 4845 lavatur‚·
765 4763 821 4826 sed
852 4766 1020 4849 papaueris
1052 4785 1161 4828 semen
1194 4736 1374 4854 colligitur:¹

1113 4886 1160 4951 7*
