3700 5625
486 575 549 644 ut
940 575 1043 644 Liber
1065 576 1177 646 Vm.

487 764 579 852 quod
600 783 685 830 sene
707 761 870 850 placeret,
891 764 958 832 nisi
980 773 1048 832 tura
1068 763 1198 850 reliqna
1221 781 1355 848 quoque
1375 763 1542 830 monada
1560 765 1602 829 vi·

488 859 657 950 derantur.
681 882 792 948 Scribi
811 882 898 948 enim
919 893 1094 968 oporteret
1114 881 1333 948 dentientium
1352 879 1606 969 pemandeates

488 1022 593 1073 mare,
621 1011 658 1065 ut
678 1022 764 1066 voce
786 1003 875 1066 circa
896 1025 961 1088 pro
982 1002 1145 1069 adverbio
1167 1012 1314 1086 accepta
1333 1000 1490 1066 sarmatas
1514 1021 1535 1064 a
1557 1000 1606 1064 de·

489 1126 608 1182 vorant
620 1130 732 1204 aptum
745 1131 846 1186 esset.
870 1120 915 1185 At
936 1142 1018 1187 vero
1037 1122 1089 1186 sic
1112 1130 1147 1186 et
1168 1119 1268 1205 paulo
1281 1120 1445 1186 audacius
1459 1119 1607 1206 grassari

490 1237 522 1302 in
554 1238 706 1303 codicum
735 1239 912 1323 scripturis
934 1239 1124 1304 videremur
1151 1250 1185 1302 et
1205 1257 1320 1302 vocem
1341 1235 1606 1324 praedomantes,

491 1375 589 1442 quam
612 1368 751 1442 propter
772 1355 880 1441 ipsam
908 1357 1082 1422 raritatem
1110 1356 1231 1422 scribis
1259 1356 1314 1420 vix
1345 1354 1499 1421 tribuere
1525 1354 1607 1432 licet,

490 1494 557 1538 non
580 1486 674 1540 recte
693 1474 970 1562 relinqueremus.
1015 1478 1146 1554 Quodsi
1168 1489 1278 1542 autem
1300 1476 1525 1544 Aristotelem
1548 1497 1607 1542 noa

491 1593 731 1677 interpretatus
754 1595 817 1658 sed
841 1594 944 1661 libere
966 1597 1113 1661 imitatos
1136 1607 1189 1662 est
1203 1594 1337 1681 Plinius,
1359 1617 1465 1664 auum
1488 1605 1607 1659 tantum

492 1709 690 1776 vocabulum
717 1724 842 1793 restat,
878 1715 968 1799 quod
992 1712 1130 1779 tolerari
1156 1735 1224 1778 non
1250 1713 1375 1798 possit:
1401 1736 1481 1783 ora.
1528 1711 1608 1788 Quid

493 1843 603 1897 autem
629 1832 707 1897 dicit
728 1833 901 1918 scriptor?
934 1844 1049 1900 certos
1069 1835 1233 1920 quosdam
1255 1834 1350 1899 cibos
1372 1834 1416 1897 ab
1439 1833 1534 1898 orsis
1555 1850 1608 1915 ap·

493 1953 580 2036 peti,
613 1973 707 2018 arum
737 1951 956 2018 laxandorum
989 1953 1239 2030 intestinorum,
1272 1949 1431 2017 surculos
1466 1948 1606 2015 dentium

493 2071 803 2136 conservandorum
826 2090 944 2138 causa.
998 2069 1124 2135 Malam
1145 2070 1246 2154 igitur
1273 2069 1607 2157 circumspiciendum

494 2190 557 2255 erit
579 2191 669 2277 quod
690 2211 711 2254 a
735 2190 889 2254 dentibus
910 2187 1030 2273 procul
1051 2187 1197 2267 habent,
1224 2185 1427 2263 nuntiaturi
1448 2187 1605 2273 temporis

494 2308 586 2372 notio
604 2306 878 2393 praedcmendc
901 2306 1099 2392 continetur.
1149 2304 1199 2370 lla
1220 2325 1302 2372 vero
1325 2317 1379 2372 est
1403 2309 1516 2372 caries
1536 2323 1604 2393 qua,

496 2447 596 2512 quum
625 2426 702 2492 cibo
724 2447 788 2510 per
800 2436 909 2492 totam
934 2425 1076 2491 hiemem
1098 2425 1335 2505 abstinuerint,
1363 2425 1524 2494 facillime
1541 2426 1605 2491 fieri

495 2556 609 2632 potest
637 2557 672 2611 ut
701 2546 821 2611 dentes
849 2544 938 2612 nullo
967 2568 1030 2611 asa
1056 2546 1231 2612 exercitati
1257 2545 1413 2612 laborare
1440 2546 1604 2632 incipiant.

497 2669 605 2743 Quam
620 2669 676 2733 ubi
692 2668 817 2733 teneris
832 2669 977 2734 surculis
990 2668 1187 2736 mandendis
1208 2677 1339 2746 cavent,
1361 2678 1458 2733 recte
1479 2666 1606 2730 domare

497 2787 650 2853 dicuntur
671 2786 767 2853 sicuti
781 2785 933 2855 XIV.55.
956 2787 1049 2868 „vini
1070 2786 1183 2853 caries
1203 2784 1365 2850 &adamita
1383 2784 1604 2873 appellator&

494 2905 713 2993 praedomara
732 2904 828 2969 simili
851 2906 982 2971 ratione
1003 2925 1072 2991 qna
1094 2905 1186 2989 apud
1208 2905 1378 2970 Senecam
1391 2904 1454 2989 Ep.
1470 2904 1545 2969 113.
1563 2900 1605 2966 le

496 3024 600 3110 gitur:
619 3046 758 3109 „omnes
780 3045 895 3104 casus,
917 3036 1097 3112 antequam
1110 3025 1295 3109 exciperet,
1314 3024 1525 3111 praedomuit
1543 3042 1604 3087 mc

498 3143 666 3209 ditando“.
716 3142 891 3215 Deporant
911 3142 1011 3228 igitur
1032 3141 1103 3207 ursi
1121 3162 1218 3207 aram
1240 3153 1275 3207 et
1289 3142 1451 3209 ¹sorenlos
1470 3144 1507 3211 in
1529 3140 1603 3208 vici-

497 3265 600 3329 nitate
621 3262 797 3329 iovearum
816 3262 987 3357 (circaque
1008 3262 1096 3329 enim
1117 3262 1313 3329 adverbium
1336 3266 1424 3349 est),

756 3381 905 3449 dentium
921 3383 1175 3470 praedomantes
1194 3383 1349 3448 cariem.

582 3499 668 3563 Nam
687 3519 807 3565 vocem
830 3488 929 3563 carie*
945 3498 1048 3565 facile
1078 3502 1111 3565 in
1137 3485 1199 3567 cra
1221 3500 1339 3568 mutari
1360 3498 1513 3584 potuisse
1538 3494 1601 3563 aliis

500 3615 662 3701 exemplis
684 3638 715 3700 p.
730 3612 802 3680 130.
825 3615 1129 3701 comprobavimus.

422 3777 482 3843 134
919 3751 1044 3829 137:
1061 3752 1121 3849 38,
1135 3752 1196 3831 57.

550 3889 721 3990 Lyncum
741 3914 846 3967 umor
866 3889 917 3965 ita
938 3889 1107 3969 redditus
1131 3890 1192 3967 ubi
1213 3889 1411 3991 gignuntur
1431 3889 1601 3989 glaciatur

551 4025 733 4103 arescitve
760 4024 798 4101 in
823 4050 987 4125 gemmas
1013 4025 1247 4104 carbunculis
1274 4024 1413 4101 similes
1436 4034 1475 4101 et
1501 4024 1600 4126 igneo

552 4160 677 4234 colore
697 4160 900 4261 fulgentes,
927 4160 1137 4260 lyncurium
1164 4172 1369 4256 vocatas,
1398 4170 1536 4261 atque
1556 4156 1601 4233 ob

548 4292 595 4369 id
624 4295 752 4369 sucino
786 4295 1019 4395 aplerisqoe
1047 4294 1100 4369 ila
1124 4296 1298 4395 generari
1322 4293 1483 4397 prodito.
1535 4294 1600 4373 No·

548 4452 638 4505 vere
669 4428 741 4503 boc
768 4427 963 4528 sciuntque
995 4429 1125 4528 lynces
1155 4440 1194 4505 et
1219 4430 1429 4509 invidentes
1463 4432 1597 4510 urinam

548 4576 649 4641 terra
671 4564 842 4665 operiunt
864 4590 984 4667 eoque
1012 4568 1171 4643 celerius
1197 4568 1379 4646 solidatur
1398 4572 1472 4647 illa.
