3700 5625
491 584 554 651 118
952 576 1053 645 atter
1073 575 1140 644 Vr.

492 768 673 853 ¹Aethiopia
695 764 819 834 iactam
843 785 920 830 esse
944 765 1024 830 dicit
1046 763 1183 830 Plinius.
1226 761 1544 847 interpungendum
1565 772 1613 826 est

493 889 608 974 igitur:
633 887 709 952 Nec
729 895 838 949 umen
859 907 955 948 ormo
969 885 1120 949 Romano
1142 881 1423 947 intentantium
1444 875 1613 967 fecerunt:

492 1006 724 1095 Aegyptiorum
749 1003 810 1070 rel.
868 1004 1050 1066 Numerum
1076 1013 1186 1066 autem
1218 1001 1305 1065 iusto
1337 999 1511 1064 maiorem
1541 1019 1614 1062 esse

494 1134 646 1210 apparet.
693 1122 779 1188 Nam
803 1120 992 1184 Petronium
1022 1139 1089 1182 non
1118 1117 1204 1182 ultra
1225 1117 1360 1203 Napata
1387 1137 1614 1201 progressum

495 1263 574 1308 esse
597 1241 719 1308 Strabo
743 1239 834 1307 XVl.
851 1262 882 1323 p.
891 1237 963 1303 820.
987 1250 1021 1303 et
1042 1237 1106 1301 Dio
1126 1235 1253 1302 ulva.
1276 1237 1509 1315 tradiderunt,
1533 1255 1614 1320 quae

493 1359 573 1425 DXl
592 1357 657 1426 mil.
680 1379 713 1444 p.
739 1376 761 1422 a
783 1356 898 1440 Syene
916 1353 1068 1420 abfuisse
1090 1353 1167 1419 inde
1190 1352 1367 1440 colligitur,
1391 1353 1535 1440 quod§.
1550 1352 1613 1416 184.

494 1478 614 1542 Meroe
636 1495 657 1539 a
680 1475 794 1560 Syene
815 1471 1075 1538 DCCCCLXXl
1095 1470 1157 1537 mil.
1177 1493 1225 1557 p.,
1246 1489 1269 1535 a
1290 1472 1442 1556 Napatis
1467 1470 1614 1536 CCCLX

495 1593 559 1660 mil.
581 1617 615 1680 p.
636 1593 701 1658 iter
721 1613 800 1658 esse
821 1602 988 1658 narratur.
1037 1593 1065 1656 E
1088 1595 1241 1676 proximo
1263 1592 1362 1679 igitur
1382 1610 1537 1656 numero
1557 1610 1613 1653 no·

495 1724 567 1780 ster
578 1711 672 1780 locus
688 1721 879 1797 corruptus,
899 1721 1002 1777 antea
1018 1710 1220 1798 Dxlmttp.
1234 1709 1338 1776 inisse
1359 1711 1543 1796 putandos
1555 1718 1613 1776 est.

417 1912 479 1978 na
910 1895 1114 1990 1oo=3o,
1133 1895 1193 1970 35.

546 2051 598 2128 At
625 2074 675 2127 ex
700 2049 851 2167 Africae
878 2058 984 2148 parte
1017 2047 1257 2142 Medimni,
1286 2046 1391 2122 dein
1421 2046 1611 2123 Nomades

547 2185 883 2285 cynocephalorum
910 2185 1006 2258 lacte
1026 2182 1192 2260 viventes
1218 2183 1281 2258 rel

578 2355 646 2419 Aut
665 2353 721 2418 hie
742 2353 935 2417 Mertismini
950 2364 1008 2416 aut
1030 2352 1097 2418 Vll.
1110 2353 1169 2432 31,
1194 2353 1250 2417 ubi
1273 2353 1393 2418 eadem
1415 2351 1540 2418 fabula
1559 2368 1606 2413 re-

494 2470 632 2556 petitur,
656 2470 902 2535 Medimnornm
927 2472 1103 2558 legendnm
1131 2492 1210 2550 esse
1230 2483 1324 2538 recte
1345 2473 1527 2539 Barbarus
1549 2490 1609 2533 mo-

494 2588 575 2653 nuit.
618 2586 775 2654 Ceterum
799 2589 820 2652 ii
842 2587 1014 2653 Nomades
1035 2589 1090 2674 qui
1113 2590 1422 2675 cynocephalorum
1447 2590 1541 2655 lacte
1561 2587 1605 2650 ri-

494 2716 589 2785 vunt,
610 2705 675 2791 ipsi
699 2717 776 2771 sont
802 2706 1005 2786 Menismini,
1039 2728 1178 2792 quorum
1200 2729 1321 2772 nomen
1344 2710 1437 2793 apud
1463 2706 1606 2774 Solinum

499 2822 637 2910 cap.30.
659 2824 828 2893 omittitur.
871 2823 988 2911 ltaque
1007 2824 1172 2890 Medimni
1190 2826 1246 2890 ἀεὶ
1263 2827 1297 2891 in
1309 2827 1510 2891 Menismini
1526 2824 1608 2891 vide·

497 2954 552 3009 tur
572 2944 763 3009 mutandum
786 2962 876 3021 esse,
898 2943 954 3007 cui
974 2962 994 3008 e
1014 2945 1165 3027 proximo
1185 2942 1351 3009 vocabulo
1371 2942 1487 3009 littera
1511 2967 1534 3006 n
1556 2962 1606 3004 ac·

497 3062 611 3131 crevit.
655 3058 883 3147 Cynamolgos
905 3071 1016 3125 autem
1037 3059 1168 3148 inlrn§.
1181 3060 1250 3129 195.
1270 3081 1346 3126 cum
1358 3058 1606 3148 Cynocephalis

494 3178 678 3266 permutari
698 3178 885 3246 Frietenius
902 3176 954 3242 De
973 3177 1227 3261 Agatharchide
1245 3200 1279 3263 p.
1288 3178 1340 3243 te.
1362 3177 1603 3245 animadvertit.

359 3284 362 3292 ’
496 3300 525 3385 §
544 3298 615 3364 191.
637 3319 700 3384 pro
723 3295 811 3363 CCC
832 3295 936 3359 scribi
957 3293 1067 3359 malim
1091 3281 1194 3376 CCC,
1224 3317 1323 3381 quum
1345 3298 1443 3365 nimis
1467 3298 1604 3383 exiguus

495 3415 742 3501 transfugarum
763 3435 923 3481 numerus
947 3413 1070 3499 alioqui
1092 3435 1170 3481 esse
1193 3416 1355 3482 videatur.

417 3613 479 3680 146
912 3596 1198 3673 194=ibidem

619 3747 763 3848 reliqua
789 3746 951 3841 deserta,
975 3747 1109 3824 deindo
1135 3749 1381 3826 fabulosis.
1428 3752 1491 3828 Ad
1513 3744 1602 3825 occi-

546 3886 694 3961 dcutem
711 3907 842 3959 versus
855 3882 1031 3983 Nigroae,
1054 3911 1210 3985 quorum
1232 3912 1301 3963 rex
1324 3913 1435 3964 uuum
1458 3888 1599 3966 oculum

543 4022 582 4095 in
606 4022 729 4097 fronte
755 4018 866 4094 habet
891 4028 954 4094 rel.

579 4186 707 4254 Vocem
727 4182 885 4273 fabulosis
914 4210 934 4254 e
957 4190 1032 4254 cod.
1054 4190 1086 4255 R
1111 4191 1145 4256 in
1166 4192 1324 4283 vulgatae
1345 4196 1533 4280 scripturae
1553 4180 1573 4272 f
1590 4222 1599 4237 ·

494 4303 606 4370 bulosu
617 4303 881 4371 loeumrestituit
896 4305 1055 4391 Silligius.
1080 4310 1188 4383 Quum
1208 4322 1320 4375 tamen
1341 4310 1384 4375 nil
1399 4310 1522 4377 habent
1538 4322 1597 4391 quo

494 4421 674 4501 reseratur,
696 4432 731 4489 et
749 4442 836 4507 quae
854 4434 1039 4508 sequuntur
1051 4438 1170 4511 gentes
1184 4427 1360 4496 fabulosae
1379 4430 1447 4494 sint
1465 4440 1503 4496 at
1519 4438 1599 4511 quat

493 4539 649 4621 maxime,
671 4540 941 4625 interpunctione
961 4553 1119 4613 correcta
1138 4545 1319 4632 legendum
1340 4555 1409 4613 eet:
