<?xml version="1.0" encoding="UTF-8"?>
<!DOCTYPE html PUBLIC "-//W3C//DTD XHTML 1.0 Transitional//EN"
    "http://www.w3.org/TR/xhtml1/DTD/xhtml1-transitional.dtd">
<html xmlns="http://www.w3.org/1999/xhtml" xml:lang="en" lang="en">
 <head>
  <title>
</title>
<meta http-equiv="Content-Type" content="text/html;charset=utf-8" />
  <meta name='ocr-system' content='tesseract 3.04.00' />
  <meta name='ocr-capabilities' content='ocr_page ocr_carea ocr_par ocr_line ocrx_word'/>
</head>
<body>
  <div class='ocr_page' id='page_1' title='image "./vindiciaeplinia01urligoog/vindiciaeplinia01urligoog_0418.png"; bbox 0 0 3700 5625; ppageno 0'>
   <div class='ocr_carea' id='block_1_1' title="bbox 461 742 1152 812">
    <p class='ocr_par' dir='ltr' id='par_1_1' title="bbox 461 742 1152 812">
     <span class='ocr_line' id='line_1_1' title="bbox 461 742 1152 812; baseline -0.01 0"><span class='ocrx_word' id='word_1_1' title='bbox 461 742 524 812; x_wconf 70' lang='lat'><strong>212</strong></span> <span class='ocrx_word' id='word_1_2' title='bbox 629 764 634 771; x_wconf 85' lang='grc'><em>·</em></span> <span class='ocrx_word' id='word_1_3' title='bbox 763 781 767 789; x_wconf 63' lang='grc'>’</span> <span class='ocrx_word' id='word_1_4' title='bbox 876 744 1152 810; x_wconf 58' lang='lat' dir='ltr'><strong>&amp;aalma</strong></span> 
     </span>
    </p>
   </div>
   <div class='ocr_carea' id='block_1_2' title="bbox 460 937 1567 1257">
    <p class='ocr_par' dir='ltr' id='par_1_2' title="bbox 460 937 1567 1257">
     <span class='ocr_line' id='line_1_2' title="bbox 460 937 1567 1026; baseline 0.002 -23"><span class='ocrx_word' id='word_1_5' title='bbox 460 939 540 1019; x_wconf 85' lang='lat' dir='ltr'><strong>fluit,</strong></span> <span class='ocrx_word' id='word_1_6' title='bbox 569 939 655 1024; x_wconf 87' lang='lat' dir='ltr'><strong>quud</strong></span> <span class='ocrx_word' id='word_1_7' title='bbox 675 939 798 1005; x_wconf 79' lang='lat' dir='ltr'><strong>lollium</strong></span> <span class='ocrx_word' id='word_1_8' title='bbox 833 940 944 1003; x_wconf 85' lang='lat' dir='ltr'><strong>afflatu</strong></span> <span class='ocrx_word' id='word_1_9' title='bbox 975 937 1162 1003; x_wconf 71' lang='lat' dir='ltr'><strong>accenditur</strong></span> <span class='ocrx_word' id='word_1_10' title='bbox 1197 938 1343 1003; x_wconf 84' lang='lat' dir='ltr'><strong>alterum.</strong></span> <span class='ocrx_word' id='word_1_11' title='bbox 1387 940 1503 1026; x_wconf 84' lang='lat' dir='ltr'><strong>Itaque</strong></span> <span class='ocrx_word' id='word_1_12' title='bbox 1523 941 1567 1005; x_wconf 83' lang='lat' dir='ltr'><strong>aie</strong></span> 
     </span>
     <span class='ocr_line' id='line_1_3' title="bbox 462 1054 1567 1145; baseline 0.002 -24"><span class='ocrx_word' id='word_1_13' title='bbox 462 1058 588 1121; x_wconf 81' lang='lat' dir='ltr'><strong>Graeca</strong></span> <span class='ocrx_word' id='word_1_14' title='bbox 608 1059 740 1122; x_wconf 88' lang='lat' dir='ltr'><strong>nomina</strong></span> <span class='ocrx_word' id='word_1_15' title='bbox 756 1079 776 1121; x_wconf 91' lang='lat' dir='ltr'><strong>a</strong></span> <span class='ocrx_word' id='word_1_16' title='bbox 791 1056 925 1122; x_wconf 80' lang='lat' dir='ltr'><strong>vocibus</strong></span> <span class='ocrx_word' id='word_1_17' title='bbox 942 1058 1084 1145; x_wconf 63' lang='grc' dir='ltr'><strong><em>σκιρρός,</em></strong></span> <span class='ocrx_word' id='word_1_18' title='bbox 1105 1054 1174 1143; x_wconf 63' lang='grc' dir='ltr'><strong>ῥύη</strong></span> <span class='ocrx_word' id='word_1_19' title='bbox 1196 1064 1229 1121; x_wconf 85' lang='lat' dir='ltr'><strong>et</strong></span> <span class='ocrx_word' id='word_1_20' title='bbox 1249 1060 1340 1123; x_wconf 74' lang='lat' dir='ltr'><strong>uada</strong></span> <span class='ocrx_word' id='word_1_21' title='bbox 1363 1056 1462 1123; x_wconf 82' lang='lat' dir='ltr'><strong>duola</strong></span> <span class='ocrx_word' id='word_1_22' title='bbox 1482 1066 1567 1123; x_wconf 83' lang='lat' dir='ltr'><strong>reete</strong></span> 
     </span>
     <span class='ocr_line' id='line_1_4' title="bbox 460 1175 1145 1257; baseline -0.001 -19"><span class='ocrx_word' id='word_1_23' title='bbox 460 1175 654 1240; x_wconf 72' lang='lat' dir='ltr'>scribentur:</span> <span class='ocrx_word' id='word_1_24' title='bbox 676 1180 871 1257; x_wconf 78' lang='lat' dir='ltr'><strong>rcirorya‘du</strong></span> <span class='ocrx_word' id='word_1_25' title='bbox 891 1187 921 1239; x_wconf 80' lang='lat' dir='ltr'><strong>er</strong></span> <span class='ocrx_word' id='word_1_26' title='bbox 938 1194 1145 1255; x_wconf 71' lang='lat' dir='ltr'><strong>paramenta.</strong></span> 
     </span>
    </p>
   </div>
   <div class='ocr_carea' id='block_1_3' title="bbox 375 1330 1567 2091">
    <p class='ocr_par' dir='ltr' id='par_1_3' title="bbox 375 1330 1567 2091">
     <span class='ocr_line' id='line_1_5' title="bbox 375 1330 1111 1417; baseline 0.007 -18"><span class='ocrx_word' id='word_1_27' title='bbox 375 1332 438 1399; x_wconf 80' lang='lat'><strong>742</strong></span> <span class='ocrx_word' id='word_1_28' title='bbox 882 1330 1111 1417; x_wconf 70' lang='lat' dir='ltr'><strong>118=7Au</strong></span> 
     </span>
     <span class='ocr_line' id='line_1_6' title="bbox 511 1455 1567 1557; baseline 0 -21"><span class='ocrx_word' id='word_1_29' title='bbox 511 1460 698 1557; x_wconf 79' lang='lat' dir='ltr'><strong>(Minium)</strong></span> <span class='ocrx_word' id='word_1_30' title='bbox 731 1467 862 1536; x_wconf 71' lang='lat' dir='ltr'><strong>neutro</strong></span> <span class='ocrx_word' id='word_1_31' title='bbox 901 1483 949 1536; x_wconf 84' lang='lat' dir='ltr'><strong>ex</strong></span> <span class='ocrx_word' id='word_1_32' title='bbox 974 1457 1059 1536; x_wconf 86' lang='lat' dir='ltr'><strong>loco</strong></span> <span class='ocrx_word' id='word_1_33' title='bbox 1098 1455 1283 1533; x_wconf 85' lang='lat' dir='ltr'><strong>invehitur</strong></span> <span class='ocrx_word' id='word_1_34' title='bbox 1324 1456 1372 1532; x_wconf 91' lang='lat' dir='ltr'><strong>ad</strong></span> <span class='ocrx_word' id='word_1_35' title='bbox 1399 1480 1471 1535; x_wconf 88' lang='lat' dir='ltr'><strong>nos</strong></span> <span class='ocrx_word' id='word_1_36' title='bbox 1498 1482 1567 1535; x_wconf 87' lang='lat' dir='ltr'><strong>neo</strong></span> 
     </span>
     <span class='ocr_line' id='line_1_7' title="bbox 505 1588 1567 1691; baseline -0.001 -22"><span class='ocrx_word' id='word_1_37' title='bbox 505 1589 585 1670; x_wconf 87' lang='lat' dir='ltr'><strong>lere</strong></span> <span class='ocrx_word' id='word_1_38' title='bbox 611 1592 759 1668; x_wconf 83' lang='lat' dir='ltr'>aliunde</span> <span class='ocrx_word' id='word_1_39' title='bbox 783 1615 895 1691; x_wconf 88' lang='lat' dir='ltr'><strong>quam</strong></span> <span class='ocrx_word' id='word_1_40' title='bbox 920 1616 968 1667; x_wconf 85' lang='lat' dir='ltr'><strong>ex</strong></span> <span class='ocrx_word' id='word_1_41' title='bbox 981 1590 1169 1691; x_wconf 79' lang='lat' dir='ltr'><strong>Hispania,</strong></span> <span class='ocrx_word' id='word_1_42' title='bbox 1196 1589 1438 1673; x_wconf 82' lang='lat' dir='ltr'><strong>celeberrimo</strong></span> <span class='ocrx_word' id='word_1_43' title='bbox 1466 1588 1567 1668; x_wconf 85' lang='lat' dir='ltr'><strong>Sisa-</strong></span> 
     </span>
     <span class='ocr_line' id='line_1_8' title="bbox 507 1721 1567 1828; baseline -0.003 -24"><span class='ocrx_word' id='word_1_44' title='bbox 507 1727 664 1828; x_wconf 89' lang='lat' dir='ltr'><strong>ponensi</strong></span> <span class='ocrx_word' id='word_1_45' title='bbox 688 1726 843 1825; x_wconf 79' lang='lat' dir='ltr'><strong>regione</strong></span> <span class='ocrx_word' id='word_1_46' title='bbox 870 1724 1069 1801; x_wconf 84' lang='lat' dir='ltr'><strong>inBaeliea</strong></span> <span class='ocrx_word' id='word_1_47' title='bbox 1093 1723 1259 1800; x_wconf 87' lang='lat' dir='ltr'><strong>miniario</strong></span> <span class='ocrx_word' id='word_1_48' title='bbox 1280 1721 1429 1803; x_wconf 81' lang='lat' dir='ltr'><strong>metallo</strong></span> <span class='ocrx_word' id='word_1_49' title='bbox 1450 1726 1567 1801; x_wconf 82' lang='lat' dir='ltr'><strong>veeti-</strong></span> 
     </span>
     <span class='ocr_line' id='line_1_9' title="bbox 506 1854 1566 1959; baseline -0.001 -25"><span class='ocrx_word' id='word_1_50' title='bbox 506 1857 654 1959; x_wconf 82' lang='lat' dir='ltr'><strong>galibus</strong></span> <span class='ocrx_word' id='word_1_51' title='bbox 692 1858 820 1959; x_wconf 91' lang='lat' dir='ltr'><strong>populi</strong></span> <span class='ocrx_word' id='word_1_52' title='bbox 846 1858 1013 1936; x_wconf 88' lang='lat' dir='ltr'><strong>Romani.</strong></span> <span class='ocrx_word' id='word_1_53' title='bbox 1065 1854 1207 1933; x_wconf 88' lang='lat' dir='ltr'><strong>Nullius</strong></span> <span class='ocrx_word' id='word_1_54' title='bbox 1242 1858 1296 1933; x_wconf 89' lang='lat' dir='ltr'><strong>rei</strong></span> <span class='ocrx_word' id='word_1_55' title='bbox 1330 1854 1566 1957; x_wconf 83' lang='lat' dir='ltr'><strong>diligentiore</strong></span> 
     </span>
     <span class='ocr_line' id='line_1_10' title="bbox 508 1987 1276 2091; baseline -0.003 -22"><span class='ocrx_word' id='word_1_56' title='bbox 508 1992 688 2082; x_wconf 81' lang='lat' dir='ltr'><strong>custodia,</strong></span> <span class='ocrx_word' id='word_1_57' title='bbox 713 2014 789 2070; x_wconf 91' lang='lat' dir='ltr'><strong>non</strong></span> <span class='ocrx_word' id='word_1_58' title='bbox 816 1989 903 2068; x_wconf 81' lang='lat' dir='ltr'><strong>lieet</strong></span> <span class='ocrx_word' id='word_1_59' title='bbox 928 1992 979 2067; x_wconf 91' lang='lat' dir='ltr'><strong>ibi</strong></span> <span class='ocrx_word' id='word_1_60' title='bbox 1004 1988 1182 2091; x_wconf 78' lang='lat' dir='ltr'><strong>perficere</strong></span> <span class='ocrx_word' id='word_1_61' title='bbox 1210 1987 1276 2067; x_wconf 85' lang='lat' dir='ltr'><strong>rel.</strong></span> 
     </span>
    </p>
   </div>
   <div class='ocr_carea' id='block_1_4' title="bbox 399 2122 1668 2781">
    <p class='ocr_par' dir='ltr' id='par_1_4' title="bbox 540 2122 1565 2208">
     <span class='ocr_line' id='line_1_11' title="bbox 540 2122 1565 2208; baseline -0.001 -20"><span class='ocrx_word' id='word_1_62' title='bbox 540 2124 677 2188; x_wconf 89' lang='lat' dir='ltr'><strong>Pluralis</strong></span> <span class='ocrx_word' id='word_1_63' title='bbox 699 2130 891 2202; x_wconf 72' lang='lat' dir='ltr'><strong>vectiqulibrs</strong></span> <span class='ocrx_word' id='word_1_64' title='bbox 918 2125 995 2208; x_wconf 85' lang='lat' dir='ltr'><strong>quia</strong></span> <span class='ocrx_word' id='word_1_65' title='bbox 1018 2122 1060 2188; x_wconf 87' lang='lat' dir='ltr'><strong>ad</strong></span> <span class='ocrx_word' id='word_1_66' title='bbox 1080 2128 1228 2186; x_wconf 83' lang='lat' dir='ltr'><strong>neutrum</strong></span> <span class='ocrx_word' id='word_1_67' title='bbox 1259 2122 1493 2188; x_wconf 79' lang='lat' dir='ltr'><strong>substantivum</strong></span> <span class='ocrx_word' id='word_1_68' title='bbox 1515 2144 1565 2188; x_wconf 89' lang='lat' dir='ltr'><strong>re·</strong></span> 
     </span>
    </p>

    <p class='ocr_par' dir='ltr' id='par_1_5' title="bbox 399 2218 1668 2781">
     <span class='ocr_line' id='line_1_12' title="bbox 399 2218 1668 2313; baseline 0.001 -24"><span class='ocrx_word' id='word_1_69' title='bbox 399 2310 403 2313; x_wconf 6' lang='grc' dir='ltr'><strong>ἡ</strong></span> <span class='ocrx_word' id='word_1_70' title='bbox 457 2227 534 2290; x_wconf 87' lang='lat' dir='ltr'><strong>farri</strong></span> <span class='ocrx_word' id='word_1_71' title='bbox 554 2233 678 2312; x_wconf 84' lang='lat' dir='ltr'><strong>potest,</strong></span> <span class='ocrx_word' id='word_1_72' title='bbox 711 2223 753 2289; x_wconf 90' lang='lat' dir='ltr'><strong>ad</strong></span> <span class='ocrx_word' id='word_1_73' title='bbox 775 2245 919 2311; x_wconf 85' lang='lat' dir='ltr'><strong>eaquae</strong></span> <span class='ocrx_word' id='word_1_74' title='bbox 952 2225 1096 2309; x_wconf 83' lang='lat' dir='ltr'><strong>proxima</strong></span> <span class='ocrx_word' id='word_1_75' title='bbox 1125 2229 1301 2309; x_wconf 84' lang='lat' dir='ltr'><strong>sequuntur</strong></span> <span class='ocrx_word' id='word_1_76' title='bbox 1326 2225 1567 2308; x_wconf 73' lang='lat' dir='ltr'><strong>praepositione</strong></span> <span class='ocrx_word' id='word_1_77' title='bbox 1667 2218 1668 2227; x_wconf 64' lang='grc'>’</span> 
     </span>
     <span class='ocr_line' id='line_1_13' title="bbox 458 2328 1668 2428; baseline -0.002 -19"><span class='ocrx_word' id='word_1_78' title='bbox 458 2344 568 2409; x_wconf 85' lang='lat' dir='ltr'><strong>addita</strong></span> <span class='ocrx_word' id='word_1_79' title='bbox 588 2342 797 2428; x_wconf 77' lang='lat' dir='ltr'><strong>applicandus</strong></span> <span class='ocrx_word' id='word_1_80' title='bbox 820 2350 878 2424; x_wconf 78' lang='lat' dir='ltr'><strong>esi,</strong></span> <span class='ocrx_word' id='word_1_81' title='bbox 902 2343 1070 2427; x_wconf 79' lang='lat' dir='ltr'><strong>aptissima</strong></span> <span class='ocrx_word' id='word_1_82' title='bbox 1091 2341 1258 2407; x_wconf 83' lang='lat' dir='ltr'><strong>sententia.</strong></span> <span class='ocrx_word' id='word_1_83' title='bbox 1281 2340 1461 2426; x_wconf 80' lang='lat' dir='ltr'><strong>Propterea</strong></span> <span class='ocrx_word' id='word_1_84' title='bbox 1481 2344 1566 2407; x_wconf 89' lang='lat' dir='ltr'><strong>enim</strong></span> <span class='ocrx_word' id='word_1_85' title='bbox 1667 2328 1668 2383; x_wconf 51' lang='lat' dir='ltr'><strong>i</strong></span> 
     </span>
     <span class='ocr_line' id='line_1_14' title="bbox 456 2440 1668 2545; baseline 0 -20"><span class='ocrx_word' id='word_1_86' title='bbox 456 2464 490 2525; x_wconf 91' lang='lat' dir='ltr'><strong>in</strong></span> <span class='ocrx_word' id='word_1_87' title='bbox 505 2460 666 2545; x_wconf 79' lang='lat' dir='ltr'><strong>Hispania</strong></span> <span class='ocrx_word' id='word_1_88' title='bbox 686 2461 800 2545; x_wconf 86' lang='lat' dir='ltr'><strong>glebae</strong></span> <span class='ocrx_word' id='word_1_89' title='bbox 827 2460 916 2524; x_wconf 93' lang='lat' dir='ltr'><strong>minii</strong></span> <span class='ocrx_word' id='word_1_90' title='bbox 938 2481 1002 2525; x_wconf 94' lang='lat' dir='ltr'><strong>non</strong></span> <span class='ocrx_word' id='word_1_91' title='bbox 1023 2458 1244 2545; x_wconf 78' lang='lat' dir='ltr'><strong>perficiuntur,</strong></span> <span class='ocrx_word' id='word_1_92' title='bbox 1280 2460 1355 2544; x_wconf 89' lang='lat' dir='ltr'><strong>quia</strong></span> <span class='ocrx_word' id='word_1_93' title='bbox 1389 2458 1567 2545; x_wconf 71' lang='lat' dir='ltr'><strong>diligentis·</strong></span> <span class='ocrx_word' id='word_1_94' title='bbox 1667 2440 1668 2491; x_wconf 58' lang='lat'>³</span> 
     </span>
     <span class='ocr_line' id='line_1_15' title="bbox 457 2577 1565 2663; baseline -0.002 -20"><span class='ocrx_word' id='word_1_95' title='bbox 457 2582 536 2644; x_wconf 84' lang='lat' dir='ltr'><strong>sime</strong></span> <span class='ocrx_word' id='word_1_96' title='bbox 574 2578 751 2643; x_wconf 82' lang='lat' dir='ltr'><strong>custoditur</strong></span> <span class='ocrx_word' id='word_1_97' title='bbox 779 2578 927 2662; x_wconf 79' lang='lat' dir='ltr'><strong>vectigal.</strong></span> <span class='ocrx_word' id='word_1_98' title='bbox 970 2577 1084 2663; x_wconf 85' lang='lat' dir='ltr'><strong>Itaque</strong></span> <span class='ocrx_word' id='word_1_99' title='bbox 1113 2578 1316 2643; x_wconf 80' lang='lat' dir='ltr'><strong>scribendum</strong></span> <span class='ocrx_word' id='word_1_100' title='bbox 1344 2579 1418 2642; x_wconf 85' lang='lat' dir='ltr'><strong>erit:</strong></span> <span class='ocrx_word' id='word_1_101' title='bbox 1450 2617 1478 2625; x_wconf 88' lang='lat'><em>-</em></span> <span class='ocrx_word' id='word_1_102' title='bbox 1505 2597 1565 2641; x_wconf 85' lang='lat' dir='ltr'><strong>me·</strong></span> 
     </span>
     <span class='ocr_line' id='line_1_16' title="bbox 457 2696 1565 2781; baseline -0.002 -20"><span class='ocrx_word' id='word_1_103' title='bbox 457 2704 539 2761; x_wconf 81' lang='lat' dir='ltr'><strong>tullo.</strong></span> <span class='ocrx_word' id='word_1_104' title='bbox 575 2702 604 2759; x_wconf 85' lang='lat' dir='ltr'><em>E</em></span> <span class='ocrx_word' id='word_1_105' title='bbox 620 2704 814 2777; x_wconf 66' lang='lat' dir='ltr'><strong>reclinatione</strong></span> <span class='ocrx_word' id='word_1_106' title='bbox 827 2719 863 2776; x_wconf 86' lang='lat' dir='ltr'><strong>p.</strong></span> <span class='ocrx_word' id='word_1_107' title='bbox 887 2700 923 2759; x_wconf 84' lang='lat' dir='ltr'><strong>R.</strong></span> <span class='ocrx_word' id='word_1_108' title='bbox 945 2700 1055 2759; x_wconf 82' lang='lat' dir='ltr'><strong>nullius</strong></span> <span class='ocrx_word' id='word_1_109' title='bbox 1075 2718 1100 2757; x_wconf 84' lang='lat' dir='ltr'><strong>r.</strong></span> <span class='ocrx_word' id='word_1_110' title='bbox 1123 2701 1152 2763; x_wconf 85' lang='lat' dir='ltr'><strong>d.</strong></span> <span class='ocrx_word' id='word_1_111' title='bbox 1175 2702 1314 2761; x_wconf 81' lang='lat' dir='ltr'><strong>custodio</strong></span> <span class='ocrx_word' id='word_1_112' title='bbox 1335 2714 1394 2760; x_wconf 85' lang='lat' dir='ltr'><strong>non</strong></span> <span class='ocrx_word' id='word_1_113' title='bbox 1418 2702 1488 2781; x_wconf 56' lang='lat' dir='ltr'><strong>lice?</strong></span> <span class='ocrx_word' id='word_1_114' title='bbox 1508 2696 1565 2760; x_wconf 86' lang='lat' dir='ltr'><strong>rel.</strong></span> 
     </span>
    </p>
   </div>
   <div class='ocr_carea' id='block_1_5' title="bbox 458 2814 1522 2900">
    <p class='ocr_par' dir='ltr' id='par_1_6' title="bbox 458 2814 1522 2900">
     <span class='ocr_line' id='line_1_17' title="bbox 458 2814 1522 2900; baseline -0.002 -20"><span class='ocrx_word' id='word_1_115' title='bbox 458 2815 570 2880; x_wconf 87' lang='lat' dir='ltr'><strong>Obiter</strong></span> <span class='ocrx_word' id='word_1_116' title='bbox 591 2837 717 2896; x_wconf 85' lang='lat' dir='ltr'><strong>moneo,</strong></span> <span class='ocrx_word' id='word_1_117' title='bbox 740 2822 929 2880; x_wconf 74' lang='lat' dir='ltr'><strong>celebmimo</strong></span> <span class='ocrx_word' id='word_1_118' title='bbox 953 2816 1049 2879; x_wconf 89' lang='lat' dir='ltr'><strong>etiam</strong></span> <span class='ocrx_word' id='word_1_119' title='bbox 1071 2816 1103 2878; x_wconf 91' lang='lat' dir='ltr'><strong>in</strong></span> <span class='ocrx_word' id='word_1_120' title='bbox 1125 2814 1152 2878; x_wconf 91' lang='lat' dir='ltr'>B</span> <span class='ocrx_word' id='word_1_121' title='bbox 1174 2814 1249 2900; x_wconf 87' lang='lat' dir='ltr'><strong>legi,</strong></span> <span class='ocrx_word' id='word_1_122' title='bbox 1271 2834 1335 2879; x_wconf 90' lang='lat' dir='ltr'><strong>non</strong></span> <span class='ocrx_word' id='word_1_123' title='bbox 1358 2819 1522 2880; x_wconf 84' lang='lat' dir='ltr'><strong>celerrimo.</strong></span> 
     </span>
    </p>
   </div>
   <div class='ocr_carea' id='block_1_6' title="bbox 432 2968 1566 3605">
    <p class='ocr_par' dir='ltr' id='par_1_7' title="bbox 432 2968 1566 3605">
     <span class='ocr_line' id='line_1_18' title="bbox 638 2968 1155 3060; baseline -0.006 -12"><span class='ocrx_word' id='word_1_124' title='bbox 638 3049 647 3060; x_wconf 63' lang='grc'>,</span> <span class='ocrx_word' id='word_1_125' title='bbox 851 2975 920 3047; x_wconf 82' lang='grc'><strong>119</strong></span> <span class='ocrx_word' id='word_1_126' title='bbox 948 2997 980 3028; x_wconf 86' lang='lat'>=</span> <span class='ocrx_word' id='word_1_127' title='bbox 1007 2968 1155 3046; x_wconf 84' lang='lat' dir='ltr'><strong>ibidem.</strong></span> 
     </span>
     <span class='ocr_line' id='line_1_19' title="bbox 443 3104 1566 3204; baseline 0.003 -24"><span class='ocrx_word' id='word_1_128' title='bbox 443 3183 449 3203; x_wconf 72' lang='lat'><em>,</em></span> <span class='ocrx_word' id='word_1_129' title='bbox 506 3105 670 3204; x_wconf 85' lang='lat' dir='ltr'><strong>Namque</strong></span> <span class='ocrx_word' id='word_1_130' title='bbox 711 3116 767 3181; x_wconf 82' lang='lat' dir='ltr'><strong>esl</strong></span> <span class='ocrx_word' id='word_1_131' title='bbox 802 3106 955 3182; x_wconf 88' lang='lat' dir='ltr'><strong>alterum</strong></span> <span class='ocrx_word' id='word_1_132' title='bbox 995 3128 1115 3204; x_wconf 84' lang='lat' dir='ltr'><strong>genus</strong></span> <span class='ocrx_word' id='word_1_133' title='bbox 1141 3147 1186 3160; x_wconf 89' lang='lat'><em>-</em></span> <span class='ocrx_word' id='word_1_134' title='bbox 1214 3104 1314 3203; x_wconf 92' lang='lat' dir='ltr'><strong>quod</strong></span> <span class='ocrx_word' id='word_1_135' title='bbox 1353 3105 1392 3180; x_wconf 83' lang='lat' dir='ltr'><strong>fit</strong></span> <span class='ocrx_word' id='word_1_136' title='bbox 1431 3112 1566 3183; x_wconf 81' lang='lat' dir='ltr'><strong>exusto</strong></span> 
     </span>
     <span class='ocr_line' id='line_1_20' title="bbox 506 3237 1565 3340; baseline -0.002 -23"><span class='ocrx_word' id='word_1_137' title='bbox 506 3240 629 3339; x_wconf 88' lang='lat' dir='ltr'><strong>lapide</strong></span> <span class='ocrx_word' id='word_1_138' title='bbox 656 3281 701 3295; x_wconf 93' lang='lat'><em>-</em></span> <span class='ocrx_word' id='word_1_139' title='bbox 728 3261 800 3316; x_wconf 90' lang='lat' dir='ltr'><strong>noo</strong></span> <span class='ocrx_word' id='word_1_140' title='bbox 840 3262 886 3314; x_wconf 87' lang='lat' dir='ltr'><strong>ex</strong></span> <span class='ocrx_word' id='word_1_141' title='bbox 924 3239 987 3316; x_wconf 89' lang='lat' dir='ltr'><strong>illo</strong></span> <span class='ocrx_word' id='word_1_142' title='bbox 1016 3239 1120 3315; x_wconf 86' lang='lat' dir='ltr'><strong>ouius</strong></span> <span class='ocrx_word' id='word_1_143' title='bbox 1155 3237 1336 3314; x_wconf 77' lang='lat' dir='ltr'><strong>vomicam</strong></span> <span class='ocrx_word' id='word_1_144' title='bbox 1369 3245 1565 3340; x_wconf 74' lang='lat' dir='ltr'><strong>argenium</strong></span> 
     </span>
     <span class='ocr_line' id='line_1_21' title="bbox 432 3368 1566 3472; baseline 0.002 -25"><span class='ocrx_word' id='word_1_145' title='bbox 432 3416 441 3422; x_wconf 90' lang='lat'>-</span> <span class='ocrx_word' id='word_1_146' title='bbox 506 3373 631 3450; x_wconf 89' lang='lat' dir='ltr'><strong>vivum</strong></span> <span class='ocrx_word' id='word_1_147' title='bbox 657 3370 926 3472; x_wconf 85' lang='lat' dir='ltr'><strong>appellavimus</strong></span> <span class='ocrx_word' id='word_1_148' title='bbox 953 3416 998 3430; x_wconf 86' lang='lat'><strong>-—</strong></span> <span class='ocrx_word' id='word_1_149' title='bbox 1026 3371 1094 3448; x_wconf 88' lang='lat' dir='ltr'><strong>sed</strong></span> <span class='ocrx_word' id='word_1_150' title='bbox 1122 3395 1168 3448; x_wconf 89' lang='lat' dir='ltr'><strong>ex</strong></span> <span class='ocrx_word' id='word_1_151' title='bbox 1195 3368 1275 3446; x_wconf 89' lang='lat' dir='ltr'><strong>aliis</strong></span> <span class='ocrx_word' id='word_1_152' title='bbox 1301 3370 1410 3447; x_wconf 93' lang='lat' dir='ltr'><strong>simul</strong></span> <span class='ocrx_word' id='word_1_153' title='bbox 1438 3395 1566 3472; x_wconf 89' lang='lat' dir='ltr'><strong>reper-</strong></span> 
     </span>
     <span class='ocr_line' id='line_1_22' title="bbox 504 3502 1564 3605; baseline 0.002 -25"><span class='ocrx_word' id='word_1_154' title='bbox 504 3507 562 3582; x_wconf 83' lang='lat' dir='ltr'><strong>lis.</strong></span> <span class='ocrx_word' id='word_1_155' title='bbox 614 3504 767 3582; x_wconf 87' lang='lat' dir='ltr'><strong>Sleriles</strong></span> <span class='ocrx_word' id='word_1_156' title='bbox 794 3507 902 3582; x_wconf 80' lang='lat' dir='ltr'><strong>etiam</strong></span> <span class='ocrx_word' id='word_1_157' title='bbox 938 3504 1075 3605; x_wconf 90' lang='lat' dir='ltr'><strong>plumbi</strong></span> <span class='ocrx_word' id='word_1_158' title='bbox 1120 3503 1448 3605; x_wconf 84' lang='lat' dir='ltr'><strong>deprehenduntur</strong></span> <span class='ocrx_word' id='word_1_159' title='bbox 1480 3502 1564 3582; x_wconf 90' lang='lat' dir='ltr'><strong>solo</strong></span> 
     </span>
    </p>
   </div>
   <div class='ocr_carea' id='block_1_7' title="bbox 454 3638 1562 3972">
    <p class='ocr_par' dir='ltr' id='par_1_8' title="bbox 454 3638 1562 3972">
     <span class='ocr_line' id='line_1_23' title="bbox 506 3638 721 3718; baseline -0.014 -1"><span class='ocrx_word' id='word_1_160' title='bbox 506 3638 631 3718; x_wconf 80' lang='lat' dir='ltr'><strong>colore</strong></span> <span class='ocrx_word' id='word_1_161' title='bbox 656 3638 721 3715; x_wconf 88' lang='lat' dir='ltr'><strong>rel.</strong></span> 
     </span>
     <span class='ocr_line' id='line_1_24' title="bbox 536 3770 1562 3854; baseline -0.001 -19"><span class='ocrx_word' id='word_1_162' title='bbox 536 3779 649 3836; x_wconf 82' lang='lat' dir='ltr'><strong>steriles</strong></span> <span class='ocrx_word' id='word_1_163' title='bbox 671 3779 759 3834; x_wconf 81' lang='lat' dir='ltr'><strong>etium</strong></span> <span class='ocrx_word' id='word_1_164' title='bbox 772 3777 888 3851; x_wconf 83' lang='lat' dir='ltr'><strong>plumbi</strong></span> <span class='ocrx_word' id='word_1_165' title='bbox 904 3772 970 3853; x_wconf 74' lang='lat' dir='ltr'><strong>de&#39;ll</strong></span> <span class='ocrx_word' id='word_1_166' title='bbox 986 3777 1082 3834; x_wconf 79' lang='lat' dir='ltr'><strong>micae</strong></span> <span class='ocrx_word' id='word_1_167' title='bbox 1096 3771 1332 3850; x_wconf 79' lang='lat' dir='ltr'><strong>p&#39;rebeuduutur</strong></span> <span class='ocrx_word' id='word_1_168' title='bbox 1346 3771 1426 3854; x_wconf 77' lang='lat' dir='ltr'><strong>sololl</strong></span> <span class='ocrx_word' id='word_1_169' title='bbox 1447 3770 1562 3835; x_wconf 87' lang='lat' dir='ltr'><strong>Bamb.</strong></span> 
     </span>
     <span class='ocr_line' id='line_1_25' title="bbox 454 3887 1562 3972; baseline -0.005 -15"><span class='ocrx_word' id='word_1_170' title='bbox 454 3891 598 3957; x_wconf 86' lang='lat' dir='ltr'><strong>versibus</strong></span> <span class='ocrx_word' id='word_1_171' title='bbox 636 3893 681 3953; x_wconf 86' lang='lat' dir='ltr'><strong>ita</strong></span> <span class='ocrx_word' id='word_1_172' title='bbox 710 3888 876 3954; x_wconf 77' lang='lat' dir='ltr'><strong>distinctis.</strong></span> <span class='ocrx_word' id='word_1_173' title='bbox 922 3889 958 3953; x_wconf 88' lang='lat' dir='ltr'><strong>V.</strong></span> <span class='ocrx_word' id='word_1_174' title='bbox 981 3895 1077 3952; x_wconf 81' lang='lat' dir='ltr'><strong>micae</strong></span> <span class='ocrx_word' id='word_1_175' title='bbox 1097 3889 1193 3952; x_wconf 83' lang='lat' dir='ltr'><strong>Ianus</strong></span> <span class='ocrx_word' id='word_1_176' title='bbox 1215 3888 1246 3952; x_wconf 91' lang='lat' dir='ltr'><strong>in</strong></span> <span class='ocrx_word' id='word_1_177' title='bbox 1274 3888 1418 3972; x_wconf 81' lang='lat' dir='ltr'><strong>margine</strong></span> <span class='ocrx_word' id='word_1_178' title='bbox 1441 3887 1481 3952; x_wconf 91' lang='lat' dir='ltr'><strong>ab</strong></span> <span class='ocrx_word' id='word_1_179' title='bbox 1506 3889 1562 3952; x_wconf 86' lang='lat' dir='ltr'><strong>ali·</strong></span> 
     </span>
    </p>
   </div>
   <div class='ocr_carea' id='block_1_8' title="bbox 447 4003 1562 4212">
    <p class='ocr_par' dir='ltr' id='par_1_9' title="bbox 447 4003 1562 4212">
     <span class='ocr_line' id='line_1_26' title="bbox 447 4003 1562 4115; baseline -0.004 -43"><span class='ocrx_word' id='word_1_180' title='bbox 447 4031 515 4115; x_wconf 64' lang='lat' dir='ltr'><strong>⁸quo</strong></span> <span class='ocrx_word' id='word_1_181' title='bbox 538 4008 730 4093; x_wconf 81' lang='lat' dir='ltr'><strong>adscriptam</strong></span> <span class='ocrx_word' id='word_1_182' title='bbox 753 4007 853 4070; x_wconf 86' lang='lat' dir='ltr'><strong>fuisse</strong></span> <span class='ocrx_word' id='word_1_183' title='bbox 875 4012 987 4096; x_wconf 53' lang='lat' dir='ltr'><strong>putat2</strong></span> <span class='ocrx_word' id='word_1_184' title='bbox 1018 4007 1072 4091; x_wconf 89' lang='lat' dir='ltr'><strong>qui</strong></span> <span class='ocrx_word' id='word_1_185' title='bbox 1094 4028 1120 4071; x_wconf 86' lang='lat' dir='ltr'><strong>v.</strong></span> <span class='ocrx_word' id='word_1_186' title='bbox 1150 4012 1265 4071; x_wconf 80' lang='lat' dir='ltr'><strong>steriles</strong></span> <span class='ocrx_word' id='word_1_187' title='bbox 1287 4027 1328 4070; x_wconf 86' lang='lat' dir='ltr'><strong>so.</strong></span> <span class='ocrx_word' id='word_1_188' title='bbox 1351 4003 1475 4090; x_wconf 83' lang='lat' dir='ltr'><strong>lapidea</strong></span> <span class='ocrx_word' id='word_1_189' title='bbox 1506 4026 1562 4068; x_wconf 84' lang='lat' dir='ltr'><strong>ex·</strong></span> 
     </span>
     <span class='ocr_line' id='line_1_27' title="bbox 452 4123 1559 4212; baseline -0.005 -21"><span class='ocrx_word' id='word_1_190' title='bbox 452 4128 571 4212; x_wconf 85' lang='lat' dir='ltr'><strong>plicare</strong></span> <span class='ocrx_word' id='word_1_191' title='bbox 603 4131 779 4191; x_wconf 79' lang='lat' dir='ltr'><strong>conaretur.</strong></span> <span class='ocrx_word' id='word_1_192' title='bbox 823 4123 980 4209; x_wconf 81' lang='lat' dir='ltr'><strong>Equidem</strong></span> <span class='ocrx_word' id='word_1_193' title='bbox 1016 4145 1113 4210; x_wconf 90' lang='lat' dir='ltr'><strong>quum</strong></span> <span class='ocrx_word' id='word_1_194' title='bbox 1145 4132 1219 4190; x_wconf 85' lang='lat' dir='ltr'><strong>ante</strong></span> <span class='ocrx_word' id='word_1_195' title='bbox 1248 4147 1276 4190; x_wconf 92' lang='lat' dir='ltr'><strong>v.</strong></span> <span class='ocrx_word' id='word_1_196' title='bbox 1312 4130 1427 4188; x_wconf 82' lang='lat' dir='ltr'><strong>steriles</strong></span> <span class='ocrx_word' id='word_1_197' title='bbox 1462 4143 1559 4187; x_wconf 86' lang='lat' dir='ltr'><strong>unam</strong></span> 
     </span>
    </p>
   </div>
   <div class='ocr_carea' id='block_1_9' title="bbox 392 4241 1560 4795">
    <p class='ocr_par' dir='ltr' id='par_1_10' title="bbox 392 4241 1559 4330">
     <span class='ocr_line' id='line_1_28' title="bbox 392 4241 1559 4330; baseline -0.002 -23"><span class='ocrx_word' id='word_1_198' title='bbox 392 4319 405 4330; x_wconf 21' lang='grc' dir='ltr'>κ</span> <span class='ocrx_word' id='word_1_199' title='bbox 451 4244 590 4309; x_wconf 83' lang='lat' dir='ltr'><strong>litteram</strong></span> <span class='ocrx_word' id='word_1_200' title='bbox 613 4264 738 4308; x_wconf 85' lang='lat' dir='ltr'><strong>erasum</strong></span> <span class='ocrx_word' id='word_1_201' title='bbox 761 4261 833 4306; x_wconf 86' lang='lat' dir='ltr'><strong>esse</strong></span> <span class='ocrx_word' id='word_1_202' title='bbox 856 4241 982 4306; x_wconf 87' lang='lat' dir='ltr'><strong>videam</strong></span> <span class='ocrx_word' id='word_1_203' title='bbox 1005 4263 1098 4307; x_wconf 82' lang='lat' dir='ltr'><strong>aeuus</strong></span> <span class='ocrx_word' id='word_1_204' title='bbox 1127 4264 1252 4308; x_wconf 81' lang='lat' dir='ltr'><strong>censeo.</strong></span> <span class='ocrx_word' id='word_1_205' title='bbox 1297 4241 1426 4307; x_wconf 85' lang='lat' dir='ltr'><strong>Omissa</strong></span> <span class='ocrx_word' id='word_1_206' title='bbox 1447 4248 1559 4305; x_wconf 81' lang='lat' dir='ltr'><strong>erata</strong></span> 
     </span>
    </p>

    <p class='ocr_par' dir='ltr' id='par_1_11' title="bbox 399 4351 1560 4795">
     <span class='ocr_line' id='line_1_29' title="bbox 399 4351 1560 4446; baseline -0.002 -22"><span class='ocrx_word' id='word_1_207' title='bbox 399 4394 403 4405; x_wconf 91' lang='lat'><strong>·</strong></span> <span class='ocrx_word' id='word_1_208' title='bbox 452 4361 580 4425; x_wconf 87' lang='lat' dir='ltr'><strong>librario</strong></span> <span class='ocrx_word' id='word_1_209' title='bbox 602 4381 686 4446; x_wconf 89' lang='lat' dir='ltr'><strong>pone</strong></span> <span class='ocrx_word' id='word_1_210' title='bbox 714 4383 743 4424; x_wconf 85' lang='lat' dir='ltr'><strong>v.</strong></span> <span class='ocrx_word' id='word_1_211' title='bbox 767 4359 920 4443; x_wconf 79' lang='lat' dir='ltr'><strong>,reperiis‘</strong></span> <span class='ocrx_word' id='word_1_212' title='bbox 941 4365 1064 4439; x_wconf 82' lang='lat' dir='ltr'><strong>micue‚&#39;</strong></span> <span class='ocrx_word' id='word_1_213' title='bbox 1090 4361 1175 4444; x_wconf 90' lang='lat' dir='ltr'><strong>quod</strong></span> <span class='ocrx_word' id='word_1_214' title='bbox 1207 4351 1339 4425; x_wconf 85' lang='lat' dir='ltr'><strong>verbum</strong></span> <span class='ocrx_word' id='word_1_215' title='bbox 1373 4380 1472 4445; x_wconf 89' lang='lat' dir='ltr'><strong>quum</strong></span> <span class='ocrx_word' id='word_1_216' title='bbox 1505 4358 1560 4423; x_wconf 87' lang='lat' dir='ltr'><strong>de·</strong></span> 
     </span>
     <span class='ocr_line' id='line_1_30' title="bbox 451 4477 1558 4564; baseline 0 -22"><span class='ocrx_word' id='word_1_217' title='bbox 451 4479 577 4543; x_wconf 77' lang='lat' dir='ltr'><strong>floiente</strong></span> <span class='ocrx_word' id='word_1_218' title='bbox 609 4479 714 4563; x_wconf 89' lang='lat' dir='ltr'><strong>spatio</strong></span> <span class='ocrx_word' id='word_1_219' title='bbox 747 4497 807 4541; x_wconf 86' lang='lat' dir='ltr'><strong>auo</strong></span> <span class='ocrx_word' id='word_1_220' title='bbox 837 4477 907 4541; x_wconf 82' lang='lat' dir='ltr'><strong>loeo</strong></span> <span class='ocrx_word' id='word_1_221' title='bbox 941 4477 1092 4563; x_wconf 87' lang='lat' dir='ltr'><strong>supplere</strong></span> <span class='ocrx_word' id='word_1_222' title='bbox 1119 4499 1182 4542; x_wconf 92' lang='lat' dir='ltr'><strong>non</strong></span> <span class='ocrx_word' id='word_1_223' title='bbox 1216 4485 1327 4564; x_wconf 80' lang='lat' dir='ltr'><strong>posset</strong></span> <span class='ocrx_word' id='word_1_224' title='bbox 1358 4479 1391 4540; x_wconf 91' lang='lat' dir='ltr'><strong>in</strong></span> <span class='ocrx_word' id='word_1_225' title='bbox 1424 4479 1558 4542; x_wconf 78' lang='lat' dir='ltr'><strong>ultorum</strong></span> 
     </span>
     <span class='ocr_line' id='line_1_31' title="bbox 450 4572 1556 4680; baseline -0.005 -20"><span class='ocrx_word' id='word_1_226' title='bbox 450 4616 578 4660; x_wconf 79' lang='lat' dir='ltr'><strong>versum</strong></span> <span class='ocrx_word' id='word_1_227' title='bbox 602 4595 738 4657; x_wconf 82' lang='lat' dir='ltr'><strong>oonieoit</strong></span> <span class='ocrx_word' id='word_1_228' title='bbox 773 4594 886 4658; x_wconf 89' lang='lat' dir='ltr'><strong>eadem</strong></span> <span class='ocrx_word' id='word_1_229' title='bbox 900 4595 1008 4658; x_wconf 89' lang='lat' dir='ltr'><strong>&#39;manu</strong></span> <span class='ocrx_word' id='word_1_230' title='bbox 1029 4595 1087 4660; x_wconf 83' lang='lat' dir='ltr'><strong>aed</strong></span> <span class='ocrx_word' id='word_1_231' title='bbox 1113 4596 1227 4662; x_wconf 82' lang='lat' dir='ltr'><strong>litteris</strong></span> <span class='ocrx_word' id='word_1_232' title='bbox 1248 4572 1344 4680; x_wconf 85' lang='lat' dir='ltr'><strong>paulo</strong></span> <span class='ocrx_word' id='word_1_233' title='bbox 1372 4595 1556 4660; x_wconf 86' lang='lat' dir='ltr'><strong>minoribus.</strong></span> 
     </span>
     <span class='ocr_line' id='line_1_32' title="bbox 450 4712 1372 4795; baseline 0 -19"><span class='ocrx_word' id='word_1_234' title='bbox 450 4715 561 4795; x_wconf 84' lang='lat' dir='ltr'><strong>ltaque</strong></span> <span class='ocrx_word' id='word_1_235' title='bbox 584 4713 677 4775; x_wconf 87' lang='lat' dir='ltr'><strong>auribi</strong></span> <span class='ocrx_word' id='word_1_236' title='bbox 701 4712 811 4776; x_wconf 81' lang='lat' dir='ltr'><strong>velim:</strong></span> <span class='ocrx_word' id='word_1_237' title='bbox 834 4749 875 4758; x_wconf 93' lang='lat'><strong>-—</strong></span> <span class='ocrx_word' id='word_1_238' title='bbox 895 4721 1028 4792; x_wconf 81' lang='lat' dir='ltr'><strong>repertis-</strong></span> <span class='ocrx_word' id='word_1_239' title='bbox 1045 4721 1150 4778; x_wconf 79' lang='lat' dir='ltr'><strong>miore.</strong></span> <span class='ocrx_word' id='word_1_240' title='bbox 1173 4719 1295 4778; x_wconf 77' lang='lat' dir='ltr'><strong>steriles</strong></span> <span class='ocrx_word' id='word_1_241' title='bbox 1316 4714 1372 4778; x_wconf 87' lang='lat' dir='ltr'><strong>rel.</strong></span> 
     </span>
    </p>
   </div>
   <div class='ocr_carea' id='block_1_10' title="bbox 0 0 1854 5625">
    <p class='ocr_par' dir='ltr' id='par_1_12' title="bbox 0 0 1854 5625">
     <span class='ocr_line' id='line_1_33' title="bbox 0 0 1854 5625; baseline 0 1"><span class='ocrx_word' id='word_1_242' title='bbox 0 0 1854 5625; x_wconf 95' lang='lat' dir='ltr'><strong> </strong></span> 
     </span>
    </p>
   </div>
  </div>
 </body>
</html>
