3700 5625
707 772 795 836 liber
821 773 982 837 XXXIII.
1332 766 1394 836 213

688 1009 754 1081 ¹22
781 1028 821 1059 =
847 1003 997 1080 ibidem.
1414 1031 1477 1099 744

334 1136 541 1213 remedium
584 1142 623 1211 ut
647 1136 787 1237 pariete
814 1137 953 1214 siccato
981 1158 1065 1213 cera
1089 1132 1230 1210 Punica
1256 1176 1302 1187 -
1329 1132 1394 1207 ad-

335 1268 446 1346 motis
471 1267 594 1369 gallae
621 1271 843 1349 carbonibus
869 1272 1041 1347 inuratur.

371 1401 540 1477 Quomodo
562 1424 580 1467 e
603 1404 688 1489 galla
716 1406 871 1469 carbones
893 1403 963 1467 fieri
985 1402 1122 1486 possint,
1156 1399 1196 1464 ab
1219 1396 1394 1462 editoribus

285 1542 349 1585 non
372 1520 624 1603 demonstratur,
659 1542 764 1607 neque
787 1541 976 1608 quemquem
1005 1520 1045 1585 de
1077 1540 1116 1583 ea
1145 1539 1180 1582 re
1216 1516 1394 1581 accuratius

286 1640 449 1725 cogitasse
485 1639 673 1725 putaverim.
722 1638 760 1703 111
793 1638 907 1722 ,ferreo
939 1639 1026 1703 vase‘
1060 1628 1214 1701 carboies
1247 1634 1394 1720 componi

287 1756 407 1822 debera
441 1756 605 1821 Vitruvius
628 1754 700 1820 VH.
733 1756 763 1823 9.
791 1757 811 1822 3
847 1764 1033 1838 monuerat,
1073 1776 1166 1841 quem
1203 1774 1300 1847 quum
1334 1751 1394 1817 hoc

285 1876 356 1939 loco
379 1874 502 1939 Plinius
531 1879 693 1938 auctorem
713 1883 883 1960 sequatur,
917 1875 1045 1939 nomine
1079 1872 1184 1957 aliquo
1217 1891 1294 1935 usus
1324 1889 1394 1934 esse

286 1991 450 2078 putandus
472 1998 522 2055 est
542 2013 604 2077 quc
632 1992 715 2057 illius
739 1993 915 2056 cretionem
939 2013 1002 2057 non
1034 1991 1225 2055 sententiam
1247 1988 1395 2052 variaret.
1424 2072 1434 2079 ι

287 2109 382 2184 Quod
409 2110 514 2192 ipsum
545 2110 578 2173 in
605 2111 735 2194 egregio
769 2109 879 2203 codice
902 2116 1063 2174 servatum
1086 2108 1152 2173 Sill.
1177 2110 1242 2173 lan.
1274 2112 1394 2169 temera

285 2227 509 2312 neglexerunt.
553 2226 713 2312 Scriptum
735 2228 819 2292 enim
841 2230 874 2292 in
896 2228 924 2291 Β
947 2234 1055 2292 exstat
1075 2233 1133 2305 pal.
1158 2246 1194 2288 eo
1219 2230 1342 2304 (paloor
1363 2224 1395 2286 in

287 2344 336 2423 V)
359 2345 381 2409 i.
403 2366 432 2409 e.
453 2352 561 2424 polla
590 2366 665 2409 vase
687 2366 708 2409 a
729 2345 843 2431 galeae
865 2345 1070 2411 simulitudine
1092 2344 1267 2430 appellato,
1300 2361 1394 2427 quam

287 2462 488 2528 deminutiva
517 2463 619 2528 lorma
640 2463 743 2527 Varro
777 2463 863 2550 apud
897 2463 1036 2527 Nonium
1063 2462 1132 2527 XV.
1162 2463 1202 2529 35
1235 2460 1394 2547 galcolam
1505 2463 1510 2473 “

285 2581 428 2658 vocavit,
452 2578 482 2644 h.
497 2580 517 2648 l.
541 2582 609 2645 sine
629 2580 725 2647 dubio
746 2580 974 2667 reponendam.

341 2766 354 2801 a
771 2734 904 2800 Ibidem.
1211 2776 1213 2781 .
1416 2714 1476 2781 745

325 2850 404 2946 ,Qui
433 2852 581 2929 minium
607 2854 643 2927 in
672 2852 828 2930 officinis
857 2851 998 2952 poliunt
1024 2851 1154 2926 taciem
1176 2848 1269 2926 laxis
1296 2849 1394 2924 vesi-

335 2984 390 3061 cis
413 2982 556 3084 illigant
583 3007 630 3062 ne
655 2985 691 3060 in
712 2986 930 3090 respirando
949 2981 1182 3084 pernicialem
1204 2981 1393 3081 pulverem

334 3117 480 3193 trahant
507 3125 543 3193 et
563 3125 686 3194 tamen
715 3127 753 3193 ut
778 3142 845 3218 per
870 3116 951 3194 illas
978 3123 1180 3217 spectent.¹

368 3255 441 3333 illoc„
456 3269 585 3333 prorsus
609 3250 745 3315 otiosum
773 3259 837 3332 est,
870 3270 975 3336 neque
999 3250 1082 3313 enim
1106 3248 1283 3311 vesicarum
1305 3267 1394 3309 amor

282 3365 406 3429 incolas
424 3366 537 3447 tenuit,
560 3365 617 3430 sed
639 3388 680 3432 ne
697 3367 900 3433 laederentur
922 3377 978 3433 aut
994 3367 1124 3453 pulvere
1145 3373 1200 3430 aut
1216 3364 1393 3449 tegumenti

284 3483 451 3547 crassioris
474 3483 657 3568 asperitate.
701 3483 786 3559 Quid
807 3492 914 3549 autom
927 3485 1043 3550 vesicis
1065 3485 1190 3548 levius?
1213 3490 1309 3569 atque
1332 3483 1410 3546 hoc'

284 3601 390 3686 ipsum
413 3613 446 3665 ct
465 3608 645 3682 perlecto
666 3614 797 3681 spectent
818 3603 996 3668 rectissime
1018 3603 1050 3666 in
1063 3605 1087 3670 B
1101 3602 1254 3687 scripturn
1276 3607 1392 3665 exstat.

737 3748 801 3821 131
817 3775 862 3806 =
880 3749 975 3834 9,46.
1072 3753 1074 3758 ’
1326 3741 1336 3764 ‘
1414 3747 1476 3816 746

335 3874 528 3974 pingitque
548 3877 806 3977 (Aegyptus),
831 3900 905 3952 non
923 3867 1259 3974 caelatargentum.
1288 3873 1393 3952 Unde

334 4008 464 4083 transit
489 4008 640 4084 materia
665 4017 702 4084 et
729 4009 776 4084 ad
809 4007 1048 4108 triumphales
1076 4014 1225 4084 statuas.

369 4146 531 4204 transmisit
544 4141 584 4222 R,
606 4141 703 4205 verbo
726 4142 830 4205 minus
844 4148 932 4226 apto,
955 4148 1098 4226 tempore
1111 4139 1288 4225 aptissimo.
1310 4137 1393 4202 Nam

284 4279 349 4322 non
372 4257 412 4322 de
433 4278 468 4323 re
486 4265 663 4344 quae-tum
684 4259 789 4344 ipsum
811 4258 880 4321 ficri
902 4265 1068 4343 coeperat,
1091 4255 1149 4321 sed
1171 4257 1211 4321 de
1234 4277 1321 4321 more
1343 4279 1392 4320 re·

285 4383 380 4462 cepto
415 4397 520 4441 sermo
547 4384 605 4441 est.
661 4376 773 4462 ltaque
806 4377 894 4440 nulla
927 4376 995 4440 lere
1028 4377 1205 4441 mutatione
1237 4375 1394 4441 scribatur

286 4500 429 4578 oportet:
457 4499 541 4559 Unde
562 4501 703 4559 transiit
722 4501 849 4559 motato
869 4494 926 4558 rel.

368 4613 398 4697 S.
409 4612 468 4679 159
479 4621 552 4698 post
569 4635 596 4678 v.
619 4618 768 4677 mentitur
789 4613 891 4677 levius
914 4611 1065 4697 distingui
1087 4619 1234 4696 oportere
1248 4611 1393 4692 arbitror,

285 4740 320 4795 ut
341 4731 489 4816 proxima
509 4730 608 4796 rerba
630 4731 670 4795 ad
694 4731 732 4795 sil
753 4751 853 4816 prope
875 4731 987 4794 urbem
1005 4729 1156 4793 effossum
1178 4729 1366 4795 referantur.
