3700 5625
709 593 810 662 atter
830 593 897 664 Vt.
1295 595 1358 660 117

295 781 462 882 Memphi
484 781 522 856 in
544 782 708 882 Aegypti
729 782 804 859 situ
825 780 998 876 diximus,
1024 782 1168 856 Arabm
1191 779 1357 858 conditu·

292 943 354 992 res
377 919 532 993 habere.
576 920 673 995 Sunt
694 930 734 994 et
754 919 818 1021 qui
838 917 1054 996 ulteriorem
1069 917 1187 1018 ripam
1202 917 1355 995 Aethio·

291 1055 374 1155 piae
404 1055 577 1132 auferant
609 1057 878 1157 adnectantque
908 1053 1081 1147 Africae;
1115 1052 1246 1154 ripas
1278 1078 1354 1129 au-

289 1198 376 1266 tem
400 1190 647 1269 incoluere
674 1204 866 1294 propter
892 1215 1063 1292 aquam.
1114 1190 1194 1266 Nos
1222 1189 1353 1267 relicto

289 1326 425 1426 cuique
456 1328 683 1430 intelligendi
705 1329 858 1407 arbitrio
893 1328 1031 1430 oppida
1057 1351 1131 1427 quo
1157 1322 1354 1402 traduntur

290 1462 421 1541 ordine
448 1466 632 1567 utrimque
659 1491 851 1568 ponemus.
894 1553 897 1560 ,

318 1633 402 1698 lube
424 1655 526 1720 quum
547 1633 682 1701 Arabas
704 1653 812 1723 usque
833 1635 877 1700 ad
898 1633 1040 1699 Meroen
1061 1631 1128 1698 Nili
1146 1632 1239 1718 ripas
1260 1631 1353 1696 iulia-

247 1747 362 1814 bitusse
399 1750 589 1830 retulisset,
628 1751 682 1818 alii
717 1753 816 1818 etiam
844 1750 930 1817 ultra
959 1749 1100 1816 Meroen
1126 1769 1187 1815 cos
1216 1749 1353 1816 extendi

248 1866 429 1936 tradebant.
481 1869 554 1934 Hoc
579 1870 665 1934 enim
692 1870 771 1935 dicit
791 1869 935 1950 Plinius,
961 1887 1072 1954 neque
1093 1869 1288 1935 ulteriorem
1308 1867 1352 1932 ri·

248 2003 323 2068 pam,
344 1986 437 2071 quod
461 1987 641 2053 arbitratur
663 1987 865 2065 llarduinus,
887 1983 1091 2061 orientalem,
1112 1985 1176 2050 sed
1197 1985 1352 2051 meridio-

247 2101 342 2167 nalem
363 2105 507 2191 intelligi
525 2106 639 2176 voluit.
673 2109 770 2181 Quae
788 2115 898 2171 autern
918 2114 1113 2190 sequuntur,
1135 2114 1170 2168 et
1181 2115 1260 2189 apto
1271 2105 1350 2168 sub·

248 2220 322 2286 iectu
343 2235 469 2290 carent
490 2223 615 2307 (causa
636 2223 721 2288 euim
740 2221 911 2288 afferenda
932 2231 1017 2301 erat,
1039 2241 1102 2285 cur
1115 2219 1248 2287 Arabes
1263 2221 1350 2286 iuter

248 2337 381 2426 Aegypti
412 2352 448 2406 et
479 2337 681 2424 Aethiopiae
707 2338 791 2406 fines
813 2338 1027 2422 habitarent)
1057 2349 1091 2404 et
1112 2357 1153 2405 eo
1175 2360 1242 2424 quo
1261 2359 1350 2404 nuuc

247 2452 387 2539 leguntur
417 2458 495 2526 lecu
523 2479 665 2544 prorsus
693 2461 804 2526 otiosa
830 2469 864 2525 et
897 2457 1040 2523 molesta
1075 2457 1230 2524 videntur
1261 2477 1350 2524 esee.

249 2573 346 2642 Possit
366 2578 472 2662 igitur
490 2576 609 2666 uliquis
636 2599 698 2665 pro
719 2577 936 2645 annotatione
956 2577 1094 2660 habere,
1115 2593 1214 2662 quam
1234 2574 1351 2640 scriba

247 2710 301 2756 non
324 2695 482 2760 indoctus
504 2696 643 2782 margini
668 2695 859 2781 appiuxerit
887 2696 961 2760 sive
988 2694 1064 2779 ipse
1082 2703 1202 2758 auctor
1225 2703 1350 2776 postea

249 2809 274 2873 in
290 2816 439 2901 margine
459 2817 641 2884 addiderit:
662 2837 778 2882 verum
799 2815 926 2881 leniore
948 2814 1097 2881 remedio
1119 2822 1347 2897 transponun-

251 2940 292 2993 tur
310 2932 340 2996 iu
360 2934 551 3020 proximum
569 2956 718 3014 sensum,
739 2947 775 3001 ut
797 2946 936 3021 propter
956 2954 1077 3020 equum
1089 2931 1225 2997 Arabas
1247 2951 1346 3000 aceo-

251 3044 290 3111 las
308 3048 369 3114 Nili
399 3049 513 3117 factos
542 3072 621 3119 esse
644 3053 818 3118 tradiderit
840 3051 975 3117 Plinius·
1029 3051 1225 3116 lnfinitivum
1247 3070 1346 3136 quem

250 3166 309 3229 eod.
331 3168 350 3231 d
371 3168 511 3234 exhibet
534 3167 686 3252 incolere,
707 3168 936 3254 praeferrem,
963 3169 1029 3233 aiei
1051 3166 1240 3253 perfeetum
1263 3176 1344 3232 tem·

251 3302 303 3363 pus
322 3285 581 3351 desideraretur.
624 3286 739 3371 ltaque
766 3284 874 3369 locum
901 3286 953 3351 sic
974 3285 1242 3371 distinguendum
1263 3304 1344 3353 esee
1486 3298 1490 3305 “

253 3402 407 3468 existimo:

286 3520 408 3587 Arolos
426 3522 612 3586 conditores
632 3519 767 3588 deberes
791 3523 880 3611 tipus
900 3530 1011 3587 uuum
1030 3521 1196 3587 incoluere
1213 3530 1345 3610 propter

286 3658 407 3731 upum.
457 3637 546 3707 Sunt
565 3648 598 3703 et
619 3639 679 3704 rel.

654 3840 923 3936 182=29,35.
1361 3864 1423 3933 144

293 3994 598 4093 (ratramno...
622 3989 774 4092 diripuit
796 4000 835 4067 et
846 3990 1001 4092 Napata.
1023 3990 1257 4091 Longissime
1279 4014 1342 4068 au·

295 4136 362 4202 tem
383 4153 406 4204 a
428 4128 556 4228 Syene
578 4148 799 4226 progressus
821 4135 880 4201 est
900 4125 1183 4201 DGCGGLXX
1197 4125 1271 4201 mil.
1284 4152 1342 4228 p.;

295 4286 357 4339 nec
377 4276 500 4339 tamen
522 4286 623 4338 arma
643 4262 808 4337 Romana
830 4260 881 4336 ibi
902 4260 1137 4337 solitudinem
1160 4261 1341 4339 lecerunt.

296 4400 556 4501 Aegyptiorum
578 4370 683 4473 bellis
704 4398 828 4475 attrita
852 4408 910 4475 est
929 4396 1129 4498 Aethiopia
1148 4405 1210 4475 rel.

326 4566 398 4634 Non
418 4568 581 4638 Romanis
603 4566 722 4648 armis,
747 4566 810 4633 sod
831 4564 1050 4653 Aegyptiacis
1072 4566 1284 4635 solitudinem
1307 4567 1342 4631 iu
