3700 5625
521 539 583 604 192
843 541 1011 609 Addcnda
1033 553 1066 608 ct
1088 544 1301 633 Gomiqenda.

520 727 706 808 ἒπέσῑησεν,
735 726 793 805 τὰς
817 728 1003 817 ἀνοίγοντες
1028 723 1190 816 ἅρδεσκον
1212 727 1246 796 τὸ
1269 729 1385 798 πεδίον.
1430 706 1492 795 llbl
1509 729 1603 816 ’Appa-

519 845 624 928 κάλην
656 847 775 912 eodem
806 849 906 913 modo
938 849 971 912 in
1002 849 1203 935 Ναρμάλκην
1236 850 1429 914 mutandum
1459 869 1532 913 esse
1557 868 1603 932 ap-

520 975 626 1048 paret,
648 986 713 1051 quo
735 967 825 1049 apud
841 963 977 1031 Plinium
993 964 1023 1051 §.
1037 966 1105 1032 120.
1127 987 1147 1031 e
1170 968 1267 1033 codd.
1290 967 1373 1034 Mss.
1395 965 1604 1034 Narmalulan

520 1104 538 1148 e
564 1094 681 1149 vetere
707 1083 851 1150 lectione
879 1083 1082 1150 Annalclrar
1106 1087 1261 1152 ellectum
1290 1099 1352 1152 est.
1411 1088 1604 1162 Quemnam

517 1202 702 1288 Abydenus
720 1202 925 1288 Ἀκράκανου
947 1202 1111 1289 appellat,
1134 1206 1241 1288 ipsum
1266 1205 1452 1290 Narragam
1475 1225 1546 1270 esse
1565 1225 1605 1269 ar·

517 1322 622 1387 bitror
651 1323 789 1408 eiusque
819 1344 938 1389 nomen
965 1323 1183 1410 Ναῤῥάκανου
1209 1326 1281 1390 sive
1313 1325 1426 1408 potius
1454 1321 1605 1409 Νάῤῥαοων

516 1442 728 1507 scribendum
748 1461 837 1509 esse.
890 1443 1035 1527 Sippara
1056 1443 1155 1526 igitur
1177 1443 1220 1506 ad
1241 1440 1424 1530 Euphratis
1447 1454 1480 1506 et
1499 1442 1605 1505 Narra·

516 1580 582 1646 gae
604 1558 827 1624 confluentem
851 1559 915 1624 sita
930 1581 998 1624 non
1018 1581 1038 1624 a
1056 1559 1189 1625 llumine
1212 1561 1272 1624 sed
1295 1581 1315 1625 a
1336 1559 1434 1625 litore
1457 1559 1606 1646 appellato

516 1689 601 1744 sunt.
645 1680 730 1744 Nam
751 1676 908 1757 „Sesar“
932 1676 1115 1743 Clraldaice
1137 1677 1269 1762 „litus“
1291 1677 1467 1762 significat.
1509 1679 1606 1763 ltaque

478 1803 499 1835 ·
515 1797 578 1862 nisi
605 1797 720 1861 urbem
741 1796 908 1883 quandam
932 1794 1057 1859 llumini
1079 1796 1309 1880 cognominem
1331 1797 1469 1861 reticeri
1489 1811 1607 1882 putare·

515 1917 573 1994 ris,
597 1916 689 2002 quod
707 1916 762 1980 vix
777 1913 951 1998 probabile
963 1916 1104 1996 videtur,
1126 1937 1193 1980 non
1214 1917 1386 2000 adipsum
1410 1937 1538 1981 amnem
1557 1917 1606 1981 sed

515 2038 558 2101 ad
582 2038 689 2102 amnis
711 2036 990 2103 viciniamuerba
1012 2037 1124 2115 „unde
1140 2037 1423 2101 eivitatinomeu“
1444 2033 1606 2101 referenda

515 2166 622 2218 erunt.
670 2155 800 2220 Deinde
830 2176 929 2219 unum
952 2177 972 2220 e
994 2156 1124 2220 duobus
1150 2158 1206 2240 qni
1227 2155 1258 2221 b.
1272 2156 1295 2220 Ι.
1319 2165 1606 2220 commemorantur

513 2273 624 2338 fluviis
640 2272 845 2357 Euphratem
868 2293 947 2338 esse
965 2281 1116 2358 apparet.
1167 2273 1336 2347 Quocirca
1356 2275 1471 2358 priore
1490 2276 1606 2340 nomine

514 2391 626 2456 deleto
648 2392 694 2456 ita
716 2392 855 2457 Plinium
878 2391 1029 2458 fortasse
1051 2393 1232 2476 scripsisse
1254 2394 1425 2458 existimo:
1448 2395 1540 2458 iuxta
1555 2390 1606 2484 plu
1653 2447 1654 2503 p

512 2514 602 2574 nium
626 2512 684 2606 qui
702 2511 791 2576 cadit
811 2513 847 2575 in
868 2513 1075 2601 Narrapam,
1097 2511 1187 2576 renale
1208 2513 1334 2576 ciuitati
1354 2535 1483 2579 nomen.
1526 2511 1607 2576 Cete-

512 2653 585 2695 rum
608 2653 641 2716 p.
663 2630 732 2696 102.
754 2653 787 2698 v.
803 2630 854 2696 25.
876 2653 940 2717 pro
962 2631 1016 2700 26.
1043 2630 1062 2698 l.
1084 2631 1134 2699 20.
1158 2643 1192 2696 et
1213 2655 1245 2718 p.
1260 2631 1330 2697 106.
1351 2651 1385 2696 v.
1402 2631 1449 2725 10.
1473 2629 1607 2720 praecla-

512 2771 585 2814 serc
605 2769 666 2835 pro
685 2748 886 2836 praeclusae.

598 2867 718 2937 Ρ.114,
738 2890 812 2954 sqq.
850 2868 904 2934 De
927 2868 1113 2934 nominibus
1134 2868 1289 2935 Arabicis
1311 2887 1397 2955 quae
1423 2868 1476 2935 Vl.
1494 2868 1562 2934 158.
1581 2878 1607 2932 ct

513 2986 583 3053 159.
605 3008 626 3051 a
646 2986 751 3051 Plinio
774 2986 1002 3070 explicantur,
1031 2986 1118 3050 lruec
1140 2988 1313 3070 respondit
1334 2987 1605 3071 Kosegarteuius:

510 3106 709 3193 Riphearina
731 3106 893 3193 oppidum,
918 3127 983 3201 qno
1003 3102 1157 3167 uocabulo
1179 3101 1335 3167 lrordenm
1358 3105 1531 3191 appellant.
1561 3106 1607 3169 Ni·

510 3225 608 3291 bilin
631 3239 764 3313 promtu
785 3247 824 3291 se
845 3225 989 3304 babere,
1020 3225 1108 3311 quod
1133 3244 1272 3308 prorsus
1298 3237 1410 3308 aptum
1433 3225 1606 3291 videretur:

510 3359 655 3411 attamen
681 3343 787 3435 ‚,rll“¹
808 3342 1000 3429 siguificare
1029 3354 1153 3407 terram
1181 3341 1320 3405 viridem
1344 3352 1376 3405 et
1404 3339 1527 3427 plantis
1554 3341 1603 3403 ob·

509 3466 617 3541 sitam,
640 3468 816 3541 ‚‚arame“
838 3458 994 3524 frumenti
1016 3460 1081 3523 triti
1103 3478 1272 3523 acervum.
1298 3496 1336 3508 -
1359 3455 1435 3544 fons
1451 3459 1605 3523 Aenusca-

509 3579 616 3659 bales,
644 3579 731 3675 quod
751 3574 913 3667 siqnificat
935 3574 1131 3655 camelorum
1154 3575 1313 3663 oppidum.
1365 3577 1513 3641 Arabico
1533 3573 1606 3654 „ain

508 3699 542 3765 ul
564 3695 702 3783 gamal“
730 3694 933 3760 eanrelorum
952 3694 1055 3759 rivom
1079 3694 1279 3779 significare.
1308 3729 1347 3741 -
1377 3696 1513 3759 Mariua
1532 3693 1607 3780 appi·

508 3818 587 3881 alum
608 3812 770 3903 ulpnificat
789 3814 937 3879 dominos
959 3814 1113 3878 omnium.
1161 3814 1310 3879 Arabico
1333 3816 1537 3897 „marabba“
1555 3813 1605 3875 im·

508 3938 637 4021 perium
661 3934 736 3998 dici.
760 3968 802 3981 -
825 3930 1021 3996 Gannaraui
1041 3929 1110 4015 (vel
1135 3928 1364 4041 Cannarani),
1387 3933 1475 4027 qaod
1495 3925 1606 4021 sipnifi·

508 4063 562 4117 cat
581 4051 755 4117 ditrbsimos
775 4058 934 4115 arrncnto.
983 4047 1136 4127 ‚,Kuur“
1159 4063 1344 4114 armentum
1368 4061 1401 4115 et
1421 4050 1605 4131 „bauram“

508 4193 593 4257 opes
616 4170 781 4256 pecuniae
803 4169 857 4234 vel
879 4168 1083 4233 canrelorum
1105 4188 1193 4232 esse.

594 4290 628 4354 P.
642 4289 712 4354 120.
728 4312 762 4358 v.
780 4288 830 4353 25.
852 4307 931 4371 pro:
953 4281 1111 4348 uocabula
1133 4285 1169 4346 in
1192 4283 1320 4348 lomina
1340 4320 1383 4333 —-
1400 4278 1604 4370 transferrem

508 4419 566 4473 tar
582 4406 675 4491 leget
702 4404 896 4469 uocabulum
917 4401 1047 4466 bomine
1071 4436 1112 4451 ·-
1136 4396 1388 4487 transferretur.

591 4524 628 4592 P.
643 4523 714 4592 int
736 4546 767 4590 v.
784 4523 833 4590 18.
854 4543 917 4607 pro
936 4519 979 4586 87
999 4519 1075 4605 lege
1098 4518 1147 4585 13.

588 4643 626 4712 P.
638 4641 710 4709 175.
730 4664 762 4708 v.
776 4640 826 4722 lb.
848 4637 914 4707 del.
934 4660 963 4706 v.
990 4636 1090 4707 utro.
