3700 5625
699 762 787 824 Liber
807 762 950 824 XXXII.
1311 756 1373 825 205

273 956 367 1020 cratis
389 955 471 1020 libro
494 933 663 1040 desumpta
685 954 770 1039 apud
793 955 975 1020 Oribasium
998 957 1038 1020 lI.
1061 956 1102 1022 58
1123 955 1289 1038 leguntur,
1309 973 1374 1016 non

199 1126 203 1134 .
273 1071 413 1136 debebat
433 1071 608 1158 negligere.
650 1070 727 1134 Tria
748 1074 833 1136 enim
854 1072 1057 1137 cochlearum
1079 1091 1199 1159 genera
1220 1069 1374 1155 distingu-

271 1196 365 1255 antur
386 1194 526 1274 oportet:
561 1188 696 1269 helices,
727 1194 846 1253 teretes
869 1196 902 1254 et
923 1189 1082 1276 oblongae
1104 1188 1218 1277 quibus
1241 1188 1374 1271 canitur,

192 1292 193 1296 ¹
270 1306 445 1389 rotundae,
476 1304 590 1391 quibus
612 1306 717 1370 oleum
748 1308 906 1372 asservari
929 1310 1061 1371 solebat.
1104 1307 1244 1373 Primum
1268 1312 1374 1369 autem

192 1500 195 1506 ‚
270 1444 374 1510 genus
396 1444 469 1488 cum
492 1424 592 1487 altero
614 1422 699 1508 apud
712 1423 849 1487 Plinium
869 1424 1036 1489 confusum
1060 1426 1293 1509 conflatumque
1316 1432 1375 1505 est,

191 1532 201 1625 j
269 1562 369 1628 quum
390 1541 424 1604 in
444 1542 508 1604 imo
530 1540 668 1604 sortasse
689 1542 834 1627 margine
856 1542 1021 1627 archetypi
1041 1561 1164 1606 versus
1174 1540 1302 1606 XXVII
1323 1543 1373 1606 lit-

269 1668 413 1724 terarum
435 1657 618 1739 excidisset,
640 1658 786 1722 ultimum
808 1660 944 1744 proximi
966 1658 1158 1723 vocabulum
1179 1659 1213 1722 in
1235 1680 1273 1723 eo
1284 1658 1376 1742 libro,

198 1750 208 1861 ὲ
268 1775 407 1841 undeB
440 1775 544 1840 codex
579 1774 757 1861 descriptus
781 1782 846 1857 est,
889 1777 977 1841 solus
1015 1783 1239 1859 conservatus,
1283 1777 1376 1841 ineo

193 1869 203 1983 ’τ’
271 1892 422 1979 exemplo
466 1896 552 1978 quod
594 1894 709 1958 ceteris
751 1899 1029 1979 repraesentatur,
1066 1894 1249 1958 interiisset.
1311 1892 1379 1959 Noa

200 2008 204 2012 ’
271 2012 371 2097 igitur
412 2030 492 2075 voce
519 2016 601 2074 rodii
642 2010 793 2097 religiose
834 2018 963 2076 serrata
1000 2011 1148 2077 lacunam
1179 2011 1226 2075 ita
1259 2012 1380 2097 expleri
1465 2022 1473 2052 ⁸

269 2110 461 2194 statuimus:

192 2243 200 2252 ³
312 2248 516 2325 quibuercdii
536 2257 712 2319 earstcat,⁸
735 2256 876 2311 teretes
897 2250 1038 2326 quitur
1059 2256 1097 2311 ut
1118 2251 1219 2311 tabis
1241 2256 1378 2323 cratone

192 2346 201 2462 ι’
312 2374 405 2431 extra
426 2368 502 2427 laec
521 2364 577 2429 rel.
1181 2357 1185 2365 ’

191 2572 197 2589 ,Α
672 2485 742 2558 150
768 2481 979 2559 :ibidem
1308 2585 1311 2596 (
1399 2511 1458 2581 721

196 2688 200 2692 ,
322 2660 366 2673 -
396 2613 565 2714 pectines
594 2614 741 2689 maximi
774 2621 811 2690 et
835 2615 1022 2714 nigerrimi
1048 2620 1214 2706 aestate,
1252 2612 1381 2689 lauda-

199 2804 202 2809 -
320 2748 456 2825 tissimi
466 2750 589 2825 autem
601 2745 796 2846 MytileniS,
819 2746 1041 2846 Tyndaride,
1069 2746 1227 2839 Salonis,
1253 2745 1380 2838 Altini,

192 2936 199 2960 .
321 2881 415 2960 chia
440 2881 573 2958 insula.

355 3015 418 3078 Hic
440 3034 565 3099 quoque
588 3013 729 3099 Silligius
760 3015 829 3078 Iani
861 3014 961 3098 copiis
987 3012 1187 3098 negligenter
1214 3032 1292 3076 usus
1321 3003 1379 3078 est.
1456 3057 1477 3078 .-

194 3161 197 3165 ’
271 3133 370 3213 Nam,
394 3132 477 3196 sicut
497 3131 551 3194 ille
574 3131 607 3194 in
631 3131 681 3198 ed.
703 3130 861 3198 LTeubn.
875 3137 1023 3196 accurate
1043 3129 1160 3212 retulit,
1178 3138 1251 3194 ante
1272 3152 1302 3194 v.
1325 3132 1381 3212 ‚ni-

192 3309 195 3313 ,
270 3249 414 3336 gerrimi‘
438 3247 510 3312 inB
532 3249 684 3333 scriptum
706 3255 813 3312 exstat
833 3254 864 3311 ia
885 3253 941 3330 Itis,
963 3247 1150 3313 rectissime.
1172 3247 1284 3332 Neque
1297 3250 1381 3312 enim

270 3366 439 3453 nigerrimi
461 3366 606 3450 pectines
623 3372 696 3430 sunt
715 3363 849 3449 aestate,
872 3367 930 3431 sed
943 3365 1165 3448 laudatissimi,
1188 3365 1227 3430 cf.
1241 3363 1380 3430 Xenoor.

270 3488 292 3550 l.
317 3484 338 3548 l.
372 3483 508 3568 Maximi
533 3483 630 3568 igitur
656 3485 799 3569 pectines
822 3491 855 3548 et
880 3485 1052 3570 praecipue
1073 3483 1237 3568 nigerrimi
1265 3485 1382 3569 quique

273 3607 400 3668 aestate
423 3601 535 3686 optimi
556 3608 647 3684 sunt3
670 3607 712 3683 ,tt
734 3604 999 3680 autem-,nam
1021 3601 1102 3666 haec
1130 3621 1256 3688 quoque
1279 3622 1342 3666 vox
1364 3623 1382 3666 e

272 3720 301 3783 B
324 3718 515 3784 asciscenda
543 3725 612 3782 erat
632 3757 674 3766 —
696 3725 770 3782 sunt
792 3720 843 3783 vel
869 3720 1070 3804 reperiuntur
1098 3739 1162 3782 non
1190 3720 1291 3784 Altini
1324 3720 1381 3783 sed

274 3838 382 3902 Latini
405 3841 488 3900 teste
511 3836 624 3900 eodem
645 3835 839 3901 Xenocrate.
860 3839 972 3922 ltaque
995 3835 1063 3902 cod.
1089 3836 1117 3898 B
1140 3838 1297 3922 scriptura
1319 3843 1381 3901 alti.

272 3961 357 4020 nicta
383 3958 536 4034 (uictricia
559 3955 672 4030 ceteri)
700 3955 745 4018 sio
767 3953 1004 4018 emendabitur:

319 4078 437 4152 Latini,
460 4077 491 4135 ia
517 4077 591 4136 Chia
612 4078 692 4136 insul
713 4121 719 4134 .
745 4073 794 4156 (in
816 4073 879 4135 iam
901 4073 941 4135 ab
964 4073 988 4138 Ι.
1003 4071 1163 4135 ¹additum·
1179 4072 1256 4156 est).

452 4229 700 4315 152=11,5l.
727 4222 881 4302 Ovidius
909 4223 1226 4301 commemoravit:
1321 4235 1464 4310 722-23

326 4381 549 4465 -parum,
587 4364 733 4458 tragum
772 4364 809 4434 et
847 4357 1055 4457 placentem
1091 4357 1209 4433 cauda
1244 4356 1383 4433 melen-

326 4514 444 4568 urum.
489 4538 492 4544 ¹

359 4645 484 4704 sparum
504 4623 641 4688 coniecit
662 4623 822 4707 Hauptius
852 4642 894 4686 ex
914 4619 1021 4685 Ovidii
1042 4644 1071 4688 v.
1094 4621 1170 4703 106,
1200 4623 1253 4708 qui
1274 4613 1383 4688 tamen

279 4742 466 4826 ,sparulum‘
488 4740 640 4806 nominat.
683 4737 760 4804 Veri
780 4739 913 4803 similius
935 4759 976 4802 ne
1002 4739 1051 4803 bis
1072 4759 1170 4803 unum
1193 4741 1382 4806 vocabulum
