3700 5625
499 577 566 642 tut·
962 576 1062 642 Hier
1082 577 1152 642 xl.

416 781 479 844 ono
702 769 732 784 ''
910 764 978 838 2292
996 765 1110 857 226,
1127 763 1207 838 32³-
1327 812 1331 818 ·

283 889 286 894 A
549 918 719 1016 Sequens
749 928 807 991 est
835 895 1001 992 volatura
1034 941 1078 991 ea
1113 929 1206 1016 qua'e
1241 927 1393 1008 canunt3
1434 929 1612 994 vocantur

547 1055 712 1148 achetae,
736 1053 775 1128 ot
789 1078 883 1153 quae
908 1051 1108 1129 minores
1128 1029 1186 1132 ex
1209 1050 1255 1126 hi
1264 1079 1282 1126 s
1305 1063 1390 1160 sunt
1406 1053 1611 1154 tottigonia,

546 1190 614 1264 sed
641 1190 724 1266 illae
751 1174 865 1290 magis
893 1211 1064 1262 canorae.

579 1361 653 1426 Duo
681 1362 873 1428 cicadarum
901 1379 1029 1444 genera
1058 1359 1227 1445 distinguit
1247 1360 1384 1426 Aristot
1404 1361 1487 1427 Hist.
1512 1362 1609 1427 anim.

493 1479 532 1545 V.
547 1477 605 1563 30,
635 1480 776 1546 achetae
797 1491 831 1544 et
852 1480 1038 1565 tettigonia.
1081 1480 1198 1566 ltaque
1223 1502 1323 1566 quum
1343 1483 1517 1566 tettigonia
1543 1505 1608 1548 non

492 1603 558 1666 siut
589 1603 727 1686 speeies
761 1603 925 1688 quaedam
957 1601 1151 1667 achetarum
1186 1602 1249 1667 sed
1283 1621 1392 1688 genus
1422 1600 1607 1686 singulare,

492 1718 603 1787 deleta
623 1721 873 1805 praepositione
897 1741 940 1784 ex
962 1729 1078 1804 utpote
1098 1738 1119 1783 e
1136 1717 1267 1805 syllaba
1280 1719 1431 1803 proxima
1455 1739 1489 1782 es
1513 1719 1607 1796 ditto-

490 1841 630 1927 graphia
655 1853 727 1907 orta
750 1841 963 1942 scribendum
987 1850 1060 1906 est:

778 1957 780 1964 '
927 1947 1086 2024 minores
1104 1955 1166 2023 iris.

408 2162 470 2226 205
907 2148 1172 2244 ·95=a7‚32.

540 2303 701 2402 Cicadae
724 2325 796 2377 non
817 2310 1019 2378 nascuntur
1040 2301 1078 2376 in
1103 2299 1254 2377 raritate
1277 2303 1449 2376 arborum
1475 2347 1524 2358 -
1549 2303 1601 2378 id-

538 2417 637 2514 circo
667 2417 740 2512 non
767 2444 853 2511 sunt
880 2435 1041 2536 Cyrenis
1068 2435 1168 2511 circa
1195 2416 1370 2542 oppidum
1392 2484 1443 2541 ε-
1472 2465 1543 2534 nec
1564 2439 1601 2515 in

538 2572 675 2674 oarnpis
703 2598 774 2649 nec
801 2573 837 2648 in
862 2573 1005 2674 frigidis
1029 2584 1091 2649 out
1113 2573 1297 2648 umbrosis
1323 2577 1549 2652 nemoribus.

425 2743 432 2752 ”
475 2745 480 2752 “
568 2744 770 2813 Aristoteles
792 2767 892 2833 quum
914 2731 1026 2813 v.'30.
1052 2701 1178 2809 diserte
1201 2744 1293 2809 eirea
1315 2745 1474 2832 oppidum
1496 2745 1599 2844 Cyre·

484 2884 546 2929 nas
569 2886 647 2931 esse
671 2866 808 2932 cicadas
832 2866 1016 2946 tradiderit,
1037 2876 1133 2930 reete
1157 2864 1329 2930 Barbarus
1351 2866 1493 2930 aiterum
1519 2889 1598 2944 noo,

483 2984 572 3068 quod
588 3004 619 3049 ,ε
649 2966 752 3052 versu
780 2986 959 3071 superiore
982 2985 1082 3054 facile
1111 2985 1183 3051 fieri
1220 2987 1325 3071 potuit
1359 2996 1396 3051 ut
1424 2998 1597 3071 repetere·

482 3115 547 3185 tur,
571 3106 750 3189 expunxit..
785 3106 932 3200 Siliigius
951 3106 1091 3172 Plinium
1112 3106 1239 3192 erroris
1260 3104 1453 3173 insimulare
1475 3105 1597 3171 nmiuit.

481 3224 606 3292 Omnes
621 3237 732 3291 antem
744 3225 856 3291 adhue
867 3224 955 3291 maie
970 3225 1074 3312 verba
1087 3223 1308 3291 distinxerunt
1323 3233 1360 3287 et
1378 3222 1596 3307 parenthesin

479 3344 567 3407 insto
599 3343 828 3425 angustiorem
862 3341 1089 3408 reddiderunt.
1150 3340 1235 3405 Nam
1265 3343 1372 3406 verba
1402 3340 1595 3427 philosophi

480 3457 528 3525 διὸ
550 3457 607 3526 καὶ
629 3459 801 3545 e'vapoiup
821 3458 860 3525 οὐ
874 3458 1020 3545 γίνονται
1040 3457 1075 3523 ἓν
1096 3458 1140 3539 «ᾦ
1159 3456 1264 3541 πεδίῳ,
1285 3455 1351 3543 περὶ
1369 3454 1403 3525 di
1425 3456 1483 3541 ripn
1504 3460 1593 3528 πόλιν

478 3574 589 3641 πολλοί
612 3576 657 3639 ita
680 3575 891 3640 transtulisse
913 3574 1044 3638 videtur
1065 3573 1207 3639 Plinius:

522 3730 561 3741 -
583 3692 706 3758 ideireo
724 3701 804 3756 aunt
827 3688 966 3776 Cyrenas
986 3690 1074 3753 eirea
1097 3689 1249 3778 oppidum
1266 3711 1328 3755 nee
1348 3692 1386 3755 iu
1406 3694 1531 3781 eampis
1551 3729 1587 3745 ·-

397 3872 460 3939 206
888 3857 964 3934 174
989 3859 1103 3956 :37,
1119 3860 1180 3933 66.

526 4013 717 4091 Metellum
739 4012 953 4113 pontificem
980 4012 1074 4087 adeo
1102 4012 1360 4113 inexplanatae
1388 4012 1586 4115 (liuguae)

524 4148 640 4224 fuisse
670 4150 872 4251 accipimus
908 4122 948 4225 ut
979 4148 1103 4224 multis
1136 4151 1322 4225 mensibus
1356 4161 1477 4227 tortus
1509 4177 1585 4229 cre-

524 4284 651 4381 datur,
683 4286 769 4362 dnm
805 4286 1003 4365 meditatur
1037 4284 1073 4361 iu
1104 4286 1309 4362 dedicanda
1344 4288 1439 4363 aede
1474 4288 1583 4389 Opi-

522 4423 651 4499 ferae
677 4421 818 4501 dicere·

551 4571 737 4639 Verissime
756 4574 878 4639 iudicat
900 4572 1092 4639 Harduinus
1113 4593 1214 4659 quum
1226 4572 1399 4658 opiferum
1418 4591 1486 4639 uon
1507 4596 1579 4643 oer-
