3700 5625
496 566 560 634 134
943 567 1045 638 uter
1066 568 1155 640 711.

497 753 708 822 coniunctum
733 751 856 822 inicam
883 774 971 842 quae
990 766 1102 822 autem
1123 753 1179 825 irio
1198 773 1220 820 a
1240 753 1345 824 Plinio
1368 759 1575 833 namutur,
1595 768 1614 816 e

498 873 632 939 Graeco
653 871 935 942 fontetluxeruut
960 874 1166 941 Libertatem
1189 884 1300 940 tamen
1323 873 1482 940 humano
1504 869 1615 955 generi

498 991 678 1075 ingenitam
695 989 835 1054 inveniri
856 1010 923 1054 non
947 990 1098 1074 potuisse
1108 1000 1262 1075 apparet,
1284 1011 1388 1075 quum
1398 989 1524 1053 variae
1540 985 1613 1051 ciri·

499 1119 601 1173 tatum
622 1105 752 1172 formae
775 1115 808 1170 ot
829 1105 1001 1172 servitudo
1027 1105 1114 1171 infra
1135 1107 1248 1196 §.20st
1275 1105 1366 1173 haud
1386 1109 1513 1192 inepte
1533 1105 1615 1169 inter

499 1229 634 1293 inventa
665 1235 908 1296 enumerentur.
967 1225 1061 1292 Siout
1090 1227 1190 1312 igitur
1218 1225 1325 1292 Ceres
1357 1226 1539 1292 frumenta
1571 1223 1614 1287 in·

499 1347 606 1431 veuit,
633 1347 680 1412 ita
700 1343 859 1410 Bacchus
878 1345 992 1411 vitium
1014 1344 1177 1411 culturam
1195 1356 1228 1412 et
1252 1347 1447 1411 vindemias
1466 1343 1614 1408 homiues

500 1463 657 1529 docuisse
670 1461 874 1546 perhibetur,
890 1463 937 1528 ita
948 1475 983 1527 ut
992 1461 1131 1529 deorum
1144 1463 1279 1529 inventa
1289 1461 1471 1545 Mercurii,
1486 1458 1614 1536 Bacchi,

501 1580 637 1647 Cereris
659 1580 745 1645 infra
767 1583 795 1669 §.
812 1581 883 1646 199.
908 1585 951 1648 ab
972 1582 1160 1648 hominibus
1182 1583 1320 1667 Poenis,
1339 1577 1535 1665 Eumolpo,
1556 1575 1613 1642 Bu·

500 1719 588 1787 zyge
598 1709 632 1765 et
641 1698 844 1785 Triptolemo
859 1701 994 1766 exculta
1003 1719 1082 1766 esse
1094 1711 1281 1765 narrentur.
1303 1699 1425 1774 Quare
1436 1695 1612 1784 legendum

500 1818 648 1884 videtur:

541 1933 663 1999 Emere
681 1955 722 1998 oc
741 1932 884 1998 vendere
905 1932 1048 1997 instituit
1068 1933 1307 2013 Mercurius,
1328 1928 1523 1997 condamina
1543 1923 1610 2012 (vei

543 2041 668 2115 uitium'
681 2051 861 2138 cultiorum)
884 2049 985 2117 Liber
1003 2061 1107 2140 puter.

584 2205 613 2292 §.
628 2204 698 2270 197.
720 2224 782 2290 pro
793 2202 907 2266 Eneiio
922 2222 942 2270 e
958 2203 1034 2273 cod.
1050 2215 1076 2268 Θ
1097 2200 1242 2267 lectione
1262 2199 1373 2265 Aeolia
1392 2199 1609 2267 scribendum

500 2321 773 2387 videturAeolua.
815 2319 845 2405 §.
858 2320 932 2384 201.
955 2340 1030 2385 oum
1045 2320 1182 2385 Osanno
1205 2316 1223 2384 l.
1235 2318 1257 2385 l.
1273 2341 1303 2402 p.
1313 2317 1385 2389 395.
1409 2328 1494 2406 post
1513 2315 1608 2404 pilum

499 2436 689 2502 I’ilumnnm
710 2434 880 2503 excidisse
901 2444 1065 2520 putarem,
1085 2434 1149 2499 nisi
1171 2435 1340 2502 Pilumnus
1362 2436 1525 2524 pinsendi
1545 2432 1608 2498 fru-

499 2553 599 2619 menti
625 2565 746 2620 auctor
775 2556 817 2618 ab
839 2573 1006 2619 armorum
1034 2554 1223 2619 inventione
1251 2555 1380 2622 alienus
1412 2577 1497 2623 ease
1521 2554 1605 2620 vide·

499 2683 598 2738 retur.

422 2808 484 2877 167
553 2866 559 2875 .
908 2826 1196 2917 193=ibidem.

551 2978 757 3058 Anticlideo
783 2978 821 3054 iu
847 2981 1021 3080 Aegypto
1046 2978 1233 3057 invenisse
1257 2978 1440 3079 quendam
1462 2976 1604 3055 nomim

550 3115 713 3191 Menon
755 3113 867 3190 trudit
898 3114 971 3190 XV
1003 3112 1044 3188 M
1075 3136 1254 3189 annorum
1291 3126 1375 3190 anta
1407 3118 1601 3194 Phoronea

551 3249 844 3350 antiquissimum
866 3250 1052 3329 Graeciae
1077 3277 1204 3351 regam
1225 3250 1336 3351 idque
1361 3247 1601 3328 monumentis

551 3388 757 3486 approbare
781 3397 946 3462 conatur.

529 3590 530 3593 =
582 3550 700 3615 Verbo
733 3552 903 3619 monuisse
937 3550 1100 3630 sufficiet,
1140 3552 1243 3619 scribi
1276 3563 1435 3639 oportere
1471 3553 1598 3624 dieuco,

500 3685 599 3755 quam
626 3665 765 3749 primum
793 3666 938 3731 omnium
971 3686 1087 3753 regem
1115 3667 1245 3733 litteras
1272 3672 1302 3737 ai
1328 3691 1395 3738 non
1427 3671 1598 3741 invenisse,

499 3793 640 3853 atcerte
660 3784 726 3881 iarn
744 3780 882 3849 novisse
903 3792 1041 3869 praeter
1053 3782 1140 3850 aiios
1153 3786 1490 3883 monuncunsenius,
1512 3799 1599 3873 quem

499 3902 638 3974 honoris
661 3919 765 3969 causa
786 3902 932 3983 nomino,
953 3900 1103 3989 Aegypt.
1126 3900 1192 3968 voi.
1214 3902 1239 3968 1.
1262 3926 1297 3989 p.
1307 3903 1379 3971 364.

420 4096 482 4163 163
645 4144 649 4150 ⁴
912 4068 987 4143 212
1004 4104 1041 4136 =
1059 4068 1197 4163 60,60.
1275 4116 1280 4123 ·

550 4219 766 4295 acolumnu
788 4218 936 4295 Moenia
968 4218 1016 4295 ad
1043 4244 1251 4299 carcerem
1286 4222 1459 4302 inclinato
1483 4222 1596 4301 sidero

548 4378 761 4453 supremum
788 4354 1047 4455 pronuntiavit.

518 4540 520 4545 ·
580 4517 649 4585 iam
670 4538 700 4585 a.
720 4516 811 4590 1846.
834 4519 867 4587 in
888 4540 978 4592 noro
999 4544 1118 4593 museo
1137 4524 1303 4597 Rhodano
1325 4528 1394 4599 roi.
1408 4529 1468 4599 Ν.
1487 4518 1596 4616 fiii,
