3700 5625
720 739 809 802 Liber
830 730 921 803 m.
1107 837 1109 842 Α
1331 735 1371 802 81

332 944 481 1020 Atridam,
503 934 590 1020 quod
611 953 729 1000 nomen
741 933 956 1000 Schneiderus
979 933 1020 998 ad
1041 931 1202 1019 Theophr.
1224 914 1371 1002 vn.4.‘7

278 1065 355 1124 mete
375 1059 560 1141 corruptum
581 1072 654 1116 ease
670 1051 760 1134 dixit,
783 1051 890 1116 deleta
910 1071 993 1136 quae
1016 1051 1193 1136 eproximo
1214 1050 1370 1115 vocabulo

279 1180 446 1260 arrepserat
466 1173 574 1236 littera
595 1191 633 1251 o,
661 1169 764 1233 altera
786 1191 806 1231 ο
834 1168 867 1231 in
890 1189 983 1232 auum
1013 1169 1118 1233 locum
1140 1167 1295 1253 reposita,
1327 1173 1372 1231 la

206 1372 207 1375 Ἴ
235 1314 237 1317 ·
279 1297 410 1357 correcta
444 1290 477 1353 iu
502 1292 609 1353 Ouidio
646 1286 830 1351 mutabitur.
872 1284 996 1350 Ibidem
1012 1270 1111 1370 “quod
1144 1286 1240 1371 vulgo
1267 1285 1373 1350 editur

206 1404 207 1407 '
278 1430 377 1489 corpas
390 1401 1371 1488 totampinpaitadiruseorumcorttloqinepraeeunteSabellloo

278 1525 447 1605 Pindanua,
484 1521 727 1605 Daleoampius,
762 1519 976 1585 Schneiderus
1006 1520 1166 1605 corrigere
1187 1525 1371 1605 coeperunt,

206 1626 207 1721 ff
279 1662 328 1704 nos
352 1640 441 1705 bisce
462 1638 675 1725 Theophrasti
707 1637 814 1703 verbis
836 1636 875 1703 V.
899 1640 927 1702 l.
950 1638 985 1704 6:
1021 1634 1152 1703 ἔστιδὲ
1173 1637 1371 1704 καὶπολύ-

206 1790 207 1831 ι
277 1761 394 1825 tenor
427 1755 447 1844 ἡ
484 1755 583 1843 ἐλάτη
611 1757 767 1844 καθάπερ
789 1760 847 1822 καὶ
874 1756 914 1821 τὸ
936 1755 1092 1839 κρόμυον·
1129 1753 1183 1821 del
1209 1756 1271 1843 γὰρ
1304 1751 1373 1836 ἔχει
1465 1802 1469 1811 .

206 1896 207 1905 ’
276 1875 341 1940 τινὰ
366 1871 525 1941 ὑποκάτω
553 1882 613 1941 τοῦ
649 1879 856 1961 φαινομένου
894 1878 951 1938 καὶ
988 1868 1025 1938 ἐκ
1051 1873 1214 1939 τοιούτων
1248 1869 1266 1958 ἣ
1303 1869 1371 1958 ὅλη

206 2054 207 2065 ,
278 1994 458 2076 comparatis
480 1992 528 2058 ita
548 1993 762 2058 restituimus:

206 2150 207 2227 p
312 2147 419 2208 corpas
440 2137 533 2191 tolum
551 2132 658 2208 μοιμοι·
677 2134 844 2198 laodomam
866 2131 1055 2206 curtilonloc.

347 2246 376 2331 S.
388 2245 460 2313 108.
480 2265 590 2326 ponem
611 2245 719 2331 legere
732 2243 849 2308 malim.
911 2323 920 2354 Ι

687 2438 756 2513 119
783 2457 823 2494 =
849 2441 946 2526 neo.
1098 2413 1101 2424 '
1391 2432 1455 2499 404

317 2559 459 2645 Nudum
487 2592 616 2646 semen
641 2567 731 2668 apii,
760 2567 954 2659 coriandri,
982 2565 1091 2657 aneti,
1119 2565 1279 2658 feniculi,
1307 2589 1372 2642 cu-

206 2696 207 2735 ³
318 2702 413 2783 mini.
673 2767 678 2772 .

349 2834 520 2898 'l‘ranslata
555 2833 635 2897 haec
667 2839 743 2897 sunt
769 2852 788 2896 e
815 2830 977 2917 Theophr.
999 2831 1071 2897 Vll.
1089 2832 1160 2915 &2
1193 2838 1372 2923 κορίαννον

207 3007 208 3038 p
278 2950 310 3015 lt
329 2957 383 3016 rol
403 2952 563 3038 μάραθον
595 2955 652 3016 καὶ
672 2933 807 3036 ἄνηθον
831 2954 889 3015 καὶ
915 2950 1054 3034 κύμινον
1079 2956 1372 3041 γομνοοπέρματα,

207 3045 208 3122 J
278 3067 324 3132 ubi
342 3066 462 3136 nullam
485 3068 549 3153 apii
569 3069 764 3132 mentionem
781 3066 850 3131 fieri
872 3074 1016 3153 apparet.
1049 3069 1148 3153 Atqui
1170 3068 1255 3133 idem
1279 3086 1372 3134 voca·

279 3183 375 3250 bulum
397 3206 440 3251 ne
461 3185 618 3271 reperitur
640 3186 768 3272 quidem
790 3184 823 3248 in
845 3185 938 3247 Plinii
960 3184 1122 3249 codicibus
1150 3206 1213 3251 uno
1235 3185 1373 3251 fortasse
1503 3206 1505 3209 ·

279 3301 422 3369 'loletano
445 3310 597 3388 excepto:
632 3303 728 3388 plane
750 3302 906 3366 omittitur
927 3302 960 3366 in
984 3300 1022 3384 d,
1044 3302 1076 3365 in
1098 3322 1116 3365 c
1137 3316 1165 3367 et
1182 3309 1219 3389 ll,
1248 3304 1282 3367 in
1304 3323 1324 3367 a
1345 3315 1374 3366 et

208 3427 209 3496 ξ
277 3427 441 3504 aanor,
463 3420 550 3508 quod
570 3420 719 3485 facillime
738 3419 772 3484 in
795 3432 839 3484 est
859 3428 1011 3485 mutatur.

454 3690 460 3699 ,
698 3616 768 3688 120
793 3644 826 3675 ==
854 3614 950 3702 aab.
1393 3644 1455 3713 405

318 3742 412 3821 Nihil
438 3742 559 3821 ocimo
584 3744 797 3837 fecundius3
825 3767 908 3821 cum
934 3742 1141 3819 maledictis
1166 3752 1201 3822 el
1227 3743 1372 3845 probris

320 3899 440 3953 serere
467 3876 708 3977 praecipiunt,
734 3883 773 3952 ut
798 3876 931 3953 laetius
959 3876 1175 3976 proveniat;
1201 3884 1281 3954 sato
1309 3898 1373 3976 pa-

322 4008 412 4085 vitur
437 4017 544 4101 terra,
573 4010 807 4110 precantibus
835 4032 881 4088 ne
909 4016 1029 4085 exeat.

351 4140 458 4207 Verba
479 4142 575 4208 Plinii
608 4142 673 4207 iam
704 4142 738 4205 in
770 4142 999 4229 antiquissimis
1034 4140 1268 4225 exemplaribus
1304 4161 1373 4206 cor·

283 4264 364 4341 rupta
384 4247 461 4324 esse
478 4258 677 4324 memorabili
715 4280 797 4351 quae
828 4260 911 4324 inter
934 4258 1113 4345 Apuleium,
1144 4260 1197 4345 qui
1224 4258 1270 4323 ita
1297 4259 1374 4323 inci-

283 4372 334 4455 pit:
360 4366 459 4442 ocima
476 4399 553 4460 cum,
591 4384 623 4441 et
644 4377 771 4443 codices
792 4376 963 4442 intercedit
984 4375 1165 4442 differentia
1187 4375 1374 4462 comproba-

285 4495 337 4555 tur.
375 4496 465 4559 illum
488 4494 554 4561 Sill.
577 4501 705 4559 secutus
728 4501 793 4575 est,
815 4495 862 4559 ita
883 4500 1006 4575 tamen,
1029 4500 1065 4557 ut
1086 4493 1172 4578 quod
1194 4494 1279 4580 apud
1302 4467 1386 4557 eumx

285 4604 444 4695 invenerat,
456 4617 626 4700 precipiam
636 4613 824 4697 corrigeret:
843 4611 971 4676 codices
985 4632 1029 4676 ac
1042 4611 1062 4675 d
1074 4622 1106 4675 ut
1117 4612 1275 4694 omittunt,
1288 4612 1376 4677 vocis

283 4735 461 4799 precantibus
481 4731 552 4794 loco
573 4731 733 4831 integrum
755 4750 894 4813 sensum,
919 4736 964 4795 od
983 4738 1172 4796 cacuminum
1192 4738 1243 4810 ραι·
1262 4744 1374 4813 soant,

1217 4849 1238 4917 6
