3700 5625
494 567 538 630 06
957 563 1059 630 aaa
1080 563 1144 633 Vr.

495 761 693 828 hahuerunt.
732 759 817 827 Nam
844 762 935 847 quod
955 760 1168 827 Dodwellum
1190 761 1349 844 offendit,
1375 765 1513 832 miliaria
1538 787 1607 834 uon

495 879 608 946 stadia
630 881 814 959 numerari,
852 880 1052 966 saepissime
1077 891 1110 946 et
1138 878 1229 947 taciti
1257 883 1507 968 computatione
1535 896 1605 950 sta-

448 1068 450 1074 ,
496 1001 550 1065 dia
581 1001 626 1066 ad
655 1000 883 1066 Romanorum
926 1020 1116 1064 mensuram
1153 1000 1301 1086 redegit,
1337 1001 1440 1068 veluti
1479 1001 1511 1088 §.
1534 1001 1604 1067 108.

495 1120 590 1185 sinus
613 1119 741 1185 Persici
770 1119 943 1184 circuitum
964 1113 1069 1192 X-X‘V
1082 1117 1120 1187 M
1139 1142 1173 1204 p.
1200 1138 1280 1184 esse
1303 1139 1346 1183 ex
1370 1119 1606 1186 Eratosthenis

495 1237 734 1326 geographicis
765 1238 906 1302 tradidit.
967 1223 1146 1304 onesicriti
1178 1245 1288 1300 autem
1317 1237 1480 1324 paraplus
1508 1259 1607 1323 quem

495 1377 516 1422 a
540 1356 624 1420 luha
647 1353 836 1420 confectum
865 1376 945 1421 esse
964 1357 1094 1443 putavit
1108 1353 1253 1420 Geierus
1268 1378 1302 1441 p.
1312 1353 1365 1420 82.
1394 1377 1506 1442 neque
1530 1357 1608 1424 alibi

496 1484 774 1541 commemoratur
801 1495 912 1561 neque
943 1484 1061 1539 nostro
1086 1473 1165 1538 loco
1192 1474 1366 1539 indicatur.
1413 1476 1493 1540 Tria
1520 1478 1607 1543 enim

495 1607 573 1663 sunt
599 1615 686 1680 quae
709 1613 789 1660 sese
817 1593 1062 1678 descripturum
1090 1613 1170 1657 esse
1194 1593 1353 1680 promittit
1373 1595 1514 1678 Plinius,
1541 1598 1607 1683 pri-

495 1735 580 1780 mum
619 1733 692 1777 eam
718 1712 964 1798 navigationem
998 1733 1095 1796 quam
1122 1710 1333 1776 Onesicritus
1365 1722 1400 1776 et
1425 1712 1606 1780 Nearchus

494 1840 755 1919 susceperant,
775 1828 894 1894 deinde
923 1849 997 1894 eam
1025 1850 1124 1915 quam
1149 1831 1229 1895 luha
1257 1843 1483 1917 exposuerat,
1510 1847 1606 1920 post-

492 1973 586 2017 remo
613 1971 677 2016 sua
705 1958 816 2013 aetate
842 1959 1060 2034 compertam.
1111 1946 1228 2014 Verba
1256 1951 1341 2015 euim
1369 1961 1513 2016 neomuto
1532 1973 1606 2036 pro

492 2070 581 2133 xime
602 2067 647 2131 ita
672 2065 880 2152 explicentur
903 2076 1038 2151 oportet
1063 2087 1105 2132 ac
1136 2067 1164 2132 si
1187 2068 1355 2135 diceretur
1382 2069 1538 2150 „deinde
1566 2091 1607 2134 ea

491 2189 723 2254 indicabuntur
745 2207 831 2273 quae
856 2207 877 2251 a
900 2185 983 2251 Iuba
1007 2190 1215 2260 nouantur“
1247 2197 1283 2252 ut
1308 2189 1512 2256 vocabulum
1533 2211 1606 2276 pro·

492 2309 580 2371 xime
595 2304 789 2383 aconoemit,
813 2310 955 2366 reumata
977 2305 1019 2368 ab
1043 2303 1192 2368 indicare
1213 2315 1325 2390 aptum
1345 2326 1423 2372 esse
1439 2307 1606 2392 videatur,

491 2446 634 2512 prorsus
662 2423 780 2487 eodem
808 2422 907 2512 modo
936 2442 1002 2505 quo
1028 2419 1185 2487 XXXIV.
1203 2421 1274 2487 138.
1300 2425 1468 2510 pergitur:
1496 2427 1605 2507 „Pro-

491 2546 578 2616 xime
606 2542 743 2607 iudicari
767 2543 891 2605 debent
915 2539 1050 2605 metalla
1074 2539 1206 2622 serri“,
1231 2541 1274 2608 cs.
1294 2541 1384 2608 XVl.
1400 2544 1438 2622 1,
1462 2544 1604 2628 XXXll,

492 2658 755 2744 56,XXXlV.l.
785 2657 915 2734 Quodsi
938 2659 1024 2724 enim
1042 2681 1112 2726 nou
1137 2661 1232 2748 ipsos
1260 2663 1487 2728 Macedonum
1512 2665 1605 2732 clas-

491 2782 540 2849 sis
563 2779 761 2869 praefectos
786 2779 848 2845 sed
866 2777 969 2843 lubae
996 2778 1113 2845 nescio
1132 2754 1231 2865 quem
1259 2780 1435 2869 paraplum
1461 2782 1519 2849 vel
1541 2808 1605 2871 po-

491 2903 555 2968 tius
574 2902 679 2967 libros
698 2901 739 2965 de
752 2898 880 2965 Arabia
901 2899 944 2963 ad
958 2896 996 2965 0.
1009 2898 1191 2964 Caesarem
1212 2900 1372 2986 scriptos,
1395 2902 1450 2986 qui
1462 2902 1604 2970 XXXll.

423 3019 439 3035 ⁹
492 3022 542 3087 10.
556 3018 784 3104 laudantur*),
807 3017 1036 3083 consuluisset
1047 3018 1187 3099 Plinius,
1213 3019 1269 3103 qui
1291 3020 1424 3084 tandem
1446 3018 1520 3085 fieri
1539 3046 1604 3109 po-

490 3128 638 3206 terat'ut
660 3137 691 3225 §.
708 3138 778 3201 lat.
799 3135 1009 3225 Babylonem
1035 3140 1077 3201 ab
1103 3135 1284 3223 Euphratis
1311 3139 1398 3205 ostio
1427 3139 1605 3210 000οΧ11
1631 3148 1636 3157 ’

489 3261 573 3345 Mp.
600 3258 751 3344 navigari
778 3278 796 3322 e
817 3255 967 3321 Nearchi
990 3266 1023 3322 et
1039 3256 1217 3322 Onesicriti
1243 3254 1464 3325 voluminibus
1488 3266 1604 3330 made-

488 3388 551 3457 ret,
577 3377 664 3441 iuter
690 3397 751 3441 eos
778 3395 861 3440 vero
886 3375 967 3460 „qui
994 3384 1118 3460 postea
1144 3376 1340 3460 scripsere“
1367 3378 1480 3444 lubam
1494 3383 1603 3448 norni-

488 3505 598 3571 naret,
626 3494 681 3578 qui
708 3513 727 3557 a
750 3491 926 3579 Babylone
954 3489 1140 3558 Characem
1162 3488 1318 3558 CLXXV
1331 3494 1394 3559 mil.
1412 3519 1446 3581 p.
1471 3500 1601 3567 abesse

488 3612 694 3700 perhiberet,
722 3631 821 3694 quum
848 3609 984 3675 Charax
1011 3613 1130 3678 eodem
1156 3622 1297 3678 auctore
1320 3612 1428 3679 Lmil.
1441 3638 1475 3700 p.
1503 3632 1603 3685 esset

488 3729 619 3796 alitore
630 3728 677 3817 (ᾗ.
691 3728 766 3812 140)
776 3726 845 3812 211)
859 3728 913 3793 Ad
925 3737 1057 3813 tempus
1066 3748 1150 3793 sane
1162 3718 1373 3795 indicandum
1388 3752 1457 3797 non
1467 3734 1512 3799 ibi
1526 3749 1602 3803 tan-

487 3860 553 3913 tum
574 3868 660 3913 voce
687 3847 837 3932 proxime
862 3846 963 3911 utitur
988 3845 1128 3927 Plinius,
1156 3846 1212 3912 ubi
1233 3849 1274 3912 de
1296 3836 1430 3916 homine
1450 3852 1602 3940 loquitur

485 3989 583 4054 quem
605 3970 679 4052 ipse
694 3976 848 4043 noverat,
870 3963 970 4029 veluti
988 3966 1031 4043 de
1044 3966 1135 4031 lunio
1146 3966 1289 4033 Annaeo
1303 3969 1455 4037 Gallione
1468 3974 1599 4045 XXXI.

553 4140 583 4206 Ι1)
615 4141 702 4193 lubae
720 4139 885 4209 fragmentis
904 4140 1029 4193 addenda
1045 4147 1111 4193 sunt
1134 4156 1205 4207 quae
1232 4139 1294 4191 Xll.
1313 4146 1356 4197 52.
1375 4152 1405 4197 et
1421 4150 1465 4197 01.
1485 4149 1598 4203 trudan.

486 4233 544 4288 tur,
575 4226 715 4295 regionem
736 4225 854 4279 Arabiae
878 4224 1025 4279 turiferam
1047 4243 1064 4279 a
1087 4226 1178 4293 eapite
1202 4228 1281 4297 regni
1303 4228 1408 4283 Sabota
1429 4240 1494 4288 octo
1518 4251 1598 4288 mam

483 4310 620 4374 sionibus,
638 4311 768 4365 Thomna
784 4329 801 4367 a
815 4311 893 4366 Gaas
913 4312 1060 4382 sexaginta
1077 4313 1201 4381 quinqua
1215 4314 1405 4369 mansionibus
1423 4319 1596 4373 camelorum

483 4398 595 4451 distare.

552 4498 598 4567 Ι*0)
621 4498 771 4553 Numerum
791 4500 830 4552 ihi
848 4501 978 4564 CLXXV,
998 4519 1047 4570 pro
1066 4519 1120 4571 quo
1139 4502 1167 4555 in
1185 4506 1262 4556 codd.
1273 4506 1344 4557 R'l'd
1362 4504 1468 4574 legitur
1484 4508 1547 4562 llll.
1558 4511 1592 4575 1),

483 4595 641 4669 corruptum
660 4585 794 4653 (fortasse
812 4586 839 4640 in
859 4586 1048 4675 0000011110
1064 4591 1242 4659 mutandum)
1259 4606 1321 4642 ease
1337 4599 1463 4659 apparet.
