3700 5625
473 549 535 616 lta
936 547 1038 616 Mer
1056 545 1127 616 11.

471 735 626 820 legamus
646 751 760 820 neque
779 735 906 815 muru,
928 737 1019 823 quod
1039 735 1247 802 sulndoule
1262 734 1413 824 Silllgiua
1434 735 1586 802 coniecit.

473 856 581 931 Quasi
601 875 684 920 vero
706 853 815 919 hastis
839 875 906 922 nac
930 855 1033 920 remia
1053 854 1088 920 in
1109 853 1273 939 fugiendo
1293 856 1457 921 utendam
1482 854 1589 922 eaaetl

472 977 520 1042 At
543 995 648 1056 vero,
672 977 803 1062 quaerit
825 974 992 1062 Silligius,
1020 975 1216 1042 adverbium
1238 974 1339 1039 aliter
1358 974 1413 1040 cui
1437 975 1528 1039 bono
1548 971 1590 1038 ita

473 1095 641 1161 adiectum
663 1093 740 1160 eati
766 1093 899 1180 Optime
915 1091 983 1158 huc
993 1093 1162 1180 quadrare
1174 1090 1378 1178 intelligitur,
1400 1091 1591 1157 modoccn·

473 1225 624 1284 struatur
649 1233 723 1280 cum
746 1213 861 1280 verbis
888 1233 958 1278 non
977 1221 1061 1277 erec
1109 1211 1284 1298 Significat
1307 1210 1396 1277 enim
1428 1207 1591 1295 „alioqui

474 1345 593 1419 utpote
614 1335 727 1420 sparci
749 1353 817 1400 non
840 1333 1031 1420 potuissent
1051 1334 1233 1413 evadere“,
1254 1331 1354 1398 aicuti
1370 1327 1591 1396 xxxmae.

474 1453 612 1538 legiturc
643 1471 782 1537 „neque
803 1450 889 1516 enim
912 1450 1014 1516 aliter·
1030 1451 1221 1536 potuissent
1238 1450 1395 1517 trimodia
1417 1449 1592 1514 anulorum

476 1607 517 1620 -
530 1572 648 1639 mitti“·
692 1571 745 1636 Ne
766 1569 822 1637 illa
843 1571 975 1657 quidem
997 1591 1086 1658 quae
1109 1583 1307 1660 aequantur,
1325 1572 1360 1635 iu
1383 1571 1511 1656 quibua
1531 1587 1592 1633 ma·

476 1707 576 1775 guam
604 1687 829 1774 corruptelam
858 1687 967 1757 latere
992 1690 1187 1775 auspicatur
1215 1689 1379 1777 Silligiua,
1412 1687 1592 1776 quidquam

477 1809 610 1876 molesti
624 1809 758 1877 habeut.
802 1808 985 1876 Rhetorice
1007 1811 1126 1878 eadem
1147 1812 1270 1896 repetit
1284 1827 1372 1898 quae
1384 1810 1480 1895 apud
1492 1809 1592 1872 Near-

477 1927 578 1994 chum
608 1926 754 2015 legeratc
787 1927 855 1992 ictu
877 1926 1021 1994 telorum
1040 1947 1108 1992 non
1131 1931 1251 1995 terreri
1272 1928 1402 1995 belluas
1420 1931 1592 2004 immanes,

477 2047 540 2114 sed
554 2067 598 2114 ne
609 2068 698 2114 voce
717 2047 851 2134 quidem
873 2057 931 2112 aut
945 2047 1055 2111 sonitu
1075 2048 1228 2112 tubarum
1244 2045 1459 2135 solo'l'ogari‚
1480 2065 1592 2112 verum

477 2167 623 2232 maximo
645 2164 801 2250 fragore,
822 2164 877 2252 qui
901 2175 936 2229 et
956 2163 1105 2230 clamore
1124 2163 1258 2230 sublato
1278 2181 1313 2232 et
1333 2168 1492 2232 tubarum
1515 2184 1591 2232 con·

479 2299 580 2350 centu
602 2296 636 2350 et
657 2303 824 2350 armorum
847 2303 1082 2371 remorumque
1103 2287 1248 2372 strepitu
1273 2285 1505 2370 efficiebatur,
1527 2296 1592 2350 tao·

480 2406 556 2469 dem
584 2423 625 2468 eo
654 2400 849 2487 compulsas
876 2399 986 2468 fuisse
1014 2401 1195 2483 balaenas,
1235 2417 1272 2471 ut
1298 2422 1407 2491 aquas
1435 2405 1593 2472 subirent

479 2519 622 2586 Brevius
637 2520 771 2587 Curtius
793 2528 982 2600 ,‚trucem“
1004 2523 1104 2588 modo
1127 2531 1322 2604 ‚,cautum“
1344 2533 1592 2598 commemorat,

480 2637 660 2706 Nearchus
670 2659 753 2704 vero
766 2639 811 2703 ait
823 2641 912 2724 apud
922 2641 1119 2706 Arrianumt
1141 2642 1415 2721 mrcdpaadrodc
1433 2641 1499 2732 plo
1520 2636 1593 2709 icor

480 2760 517 2829 αἱ
540 2754 682 2845 κεφαλαὶ
709 2755 856 2827 αὐτοῖσιν
885 2758 1026 2847 ἐχώρεον
1055 2760 1329 2848 ἐπαλαλάξαι,
1356 2757 1414 2841 roi,-
1438 2760 1477 2832 ὁὶ
1508 2759 1591 2829 σάλ·

480 2902 628 2966 mappae
657 2876 799 2963 σψιῆυαι
824 2875 882 2944 παὶ
907 2875 964 2945 uda
989 2877 1134 2947 κτύπον
1164 2878 1227 2948 ἀπὸ
1254 2882 1308 2965 τῆς
1326 2880 1460 2969 εἰρεσίης
1488 2880 1532 2958 ὦς
1550 2872 1592 2944 ἐπὶ

479 2996 637 3083 μήκιστον
665 3002 865 3079 κατασχεῖν,
894 2996 1045 3066 similiter
1066 2997 1252 3064 Diodorus:
1282 2994 1363 3087 perdi
1384 2996 1420 3068 dl
1440 3001 1546 3068 εαῧεα
1564 2996 1592 3077 ἕξ

480 3115 633 3184 ἁπάντων
653 3117 747 3203 μιᾶς
767 3107 899 3202 φώιὶης
918 3117 1116 3205 γιγνομένης
1135 3115 1193 3185 καὶ
1206 3117 1263 3185 διὰ
1282 3119 1357 3184 τῶν
1376 3112 1510 3186 ὅπλων
1528 3120 1592 3181 πολ·

481 3238 542 3303 aa&
562 3234 818 3323 συντελουμένου
840 3234 991 3320 ψόφου,
1022 3233 1100 3321 πρὸς
1129 3233 1164 3302 dl
1186 3232 1309 3313 radron,
1334 3237 1409 3303 πῶν
1431 3232 1593 3321 σαλπίγ·

480 3384 561 3445 yma
582 3354 761 3441 ἐυιεμένωυ,
783 3356 826 3438 εῷ
848 3353 1020 3439 παραδόξῳ
1039 3356 1217 3438 πτοηθῆναι
1244 3352 1284 3421 τὰ
1305 3354 1405 3440 θηρία
1426 3385 1458 3422 aa.
1477 3382 1505 3426 r.
1524 3362 1552 3419 λ

566 3472 674 3538 Vides
694 3473 803 3556 igitur,
826 3472 959 3537 omissis
972 3472 1036 3539 illis
1051 3476 1164 3540 uerbis
1185 3484 1218 3539 ct
1238 3474 1322 3539 aiios
1344 3484 1438 3538 tanta
1461 3474 1592 3561 thynno·

483 3612 558 3655 rum
580 3588 791 3653 multitudine
822 3607 920 3675 quam
948 3603 1027 3675 apte
1048 3594 1215 3675 procedat
1237 3595 1354 3660 oratio.
1378 3595 1483 3659 ·Num
1504 3592 1594 3677 igitur

484 3710 649 3777 elicienda
669 3718 746 3775 sunt
766 3728 809 3772 an
831 3706 897 3772 alio
925 3706 1076 3775 fortasse
1098 3710 1313 3796 ableganda‘i
1354 3712 1512 3793 Minime,
1538 3704 1593 3774 aad

483 3831 580 3898 aliter
601 3829 877 3917 interpungenda.
921 3827 1059 3896 Scilicet
1084 3842 1118 3897 et
1138 3829 1280 3916 plurima
1308 3842 1343 3897 et
1361 3832 1508 3896 maxima
1529 3822 1594 3893 ani·

484 3951 583 4017 maiia
604 3952 638 4018 in
651 3949 765 4015 Indico
787 3948 871 4013 mari
893 3950 1047 4035 conspici
1067 3949 1124 4014 ubi
1138 3946 1237 4033 paulo
1249 3965 1354 4035 supra
1371 3947 1593 4021 diuitl'liniua,

485 4068 742 4155 magnitudinem
764 4077 882 4131 nostro
904 4066 983 4131 loco
1002 4064 1172 4131 luculenta
1196 4067 1425 4153 descriptione
1448 4072 1593 4139 exornat,

486 4187 725 4251 multitudinem
754 4182 862 4249 obiter
889 4188 937 4248 ita
964 4184 1088 4270 tangit,
1118 4196 1155 4249 ut
1180 4182 1381 4271 thynnorum
1402 4206 1528 4272 greges
1547 4180 1594 4270 qui

484 4304 564 4369 alibi
584 4301 806 4386 reperiantur,
823 4302 1044 4387 aequos-lere
1064 4324 1143 4368 esse
1164 4306 1342 4370 concedat.
1368 4306 1424 4370 nd
1443 4328 1514 4373 rem
1535 4300 1594 4390 qui·

485 4425 561 4489 dem
574 4421 664 4507 quod
679 4420 810 4499 attinet,
831 4431 946 4487 notum
968 4431 1022 4486 est
1043 4433 1077 4487 et
1097 4421 1131 4487 in
1146 4421 1303 4508 Bosporo
1324 4425 1492 4510 ingentem
1510 4424 1595 4508 thyn-

485 4560 602 4610 norum
619 4539 751 4625 copiam
764 4539 943 4624 quotannis
955 4540 1099 4626 reperiri
1115 4539 1178 4626 (cl.
1192 4540 1280 4608 inira
1290 4541 1593 4630 §.lii-aqq.,Atlreu·
