3700 5625
320 773 326 780 ,
486 718 549 787 104
938 719 1028 786 liber
1048 721 1140 786 111.

488 925 524 984 ut
538 924 651 984 neuter
662 917 753 982 alteri
768 922 934 1004 praestare
954 915 1100 984 videatur
1110 916 1272 1011 'nobisque
1289 939 1307 982 e
1323 937 1358 983 re
1373 917 1444 1004 ipsa
1454 915 1569 982 liberum

340 1107 345 1114 ,
485 1036 637 1102 iudicium
658 1035 824 1122 relinquat.

403 1143 482 1211 447'
567 1153 598 1241 §2
621 1153 639 1221 1
663 1155 738 1264 ⁰l2
765 1156 851 1222 mala
877 1156 973 1242 vulgo
1000 1155 1256 1241 interpunctione
1285 1154 1441 1226 laborant.
1482 1153 1572 1230 Quum

486 1274 573 1340 enim
595 1275 667 1341 cola
693 1280 888 1348 inenarrabili
906 1281 1019 1354 florum
1040 1311 1081 1322 —
1101 1279 1263 1360 totalitate
1285 1280 1318 1340 et
1337 1279 1394 1340 scd
1413 1296 1451 1341 ne
1467 1281 1576 1368 ptcpoa

486 1399 603 1474 quidem
623 1397 790 1473 sufficiente
810 1395 866 1460 rel.
888 1394 1097 1480 responsione
1120 1393 1323 1475 cohaereant,
1344 1394 1487 1480 sequitur
1506 1417 1576 1482 quae
1638 1443 1639 1466 t

487 1510 594 1578 media
615 1512 837 1578 intericiuntur
863 1512 1065 1598 parenthesis
1096 1513 1168 1578 loco
1193 1513 1319 1598 prolata
1340 1517 1373 1577 at
1398 1513 1519 1582 uncinis
1538 1513 1577 1578 in·

487 1630 648 1699 cludenda
669 1651 749 1696 esse.
773 1631 835 1717 §.3
856 1631 966 1696 nescio
989 1651 1044 1695 cur
1066 1632 1129 1697 sl.
1146 1631 1264 1696 bonam
1287 1630 1379 1698 codd.
1402 1630 1578 1716 optimonrn

490 1749 680 1836 scripturam
701 1759 841 1830 stroppos
867 1748 1061 1836 reliquerint
1094 1786 1133 1795 -
1190 1749 1240 1836 §§.
1263 1748 1366 1818 3-13
1390 1748 1425 1813 in
1452 1748 1578 1816 chresto·

487 1866 609 1934 mathia
635 1889 667 1954 p.
689 1867 751 1934 209
774 1889 842 1955 sqq.
857 1867 1005 1932 trmtavi.
1049 1865 1142 1942 Quod
1168 1867 1212 1933 ihi
1240 1867 1333 1940 omisi
1353 1867 1383 1952 §.
1405 1867 1447 1936 12
1467 1868 1578 1934 initium

490 1988 565 2050 ante
587 1984 653 2051 Sill.
678 1985 878 2052 emendatius
906 1984 1121 2050 scribebatur:
1162 2004 1261 2051 unum
1290 1983 1391 2068 addc,
1420 1985 1525 2053 ecod.
1545 1985 1578 2050 a

487 2102 627 2168 lectione
661 2110 840 2184 scripsercm
872 2115 901 2168 et
938 2107 1104 2186 (scripsere
1124 2102 1221 2184 et'l')
1255 2101 1489 2169 restituendum
1518 2123 1579 2168 csse
1640 2107 1641 2142 l

486 2220 733 2306 scripseram).

309 2382 314 2388 “
404 2406 467 2476 ne
944 2391 1152 2479 as=a1a
1469 2457 1473 2462 ,

537 2517 710 2596 Proxima
736 2520 770 2597 ei
810 2517 1019 2613 (Galaticae
1047 2517 1187 2611 violae)
1226 2515 1347 2596 caltha
1373 2528 1430 2596 est
1456 2543 1578 2597 conco·

538 2650 606 2728 lori
632 2651 890 2752 amplitudine,
930 2652 1044 2730 vincit
1082 2674 1247 2730 numero·
1277 2649 1451 2766 loliorum
1489 2652 1579 2730 mari·

538 2807 623 2863 nam
647 2785 715 2865 rel.

550 2924 705 2985 concolori
724 2918 774 3000 R.,
796 2930 824 2982 et
845 2924 1021 2985 conculcari
1042 2918 1081 2999 V,
1114 2915 1200 2983 unde
1222 2917 1403 2983 Gronovius
1429 2929 1458 2981 ct
1479 2920 1581 2983 cochle-
1642 2986 1643 2989 Ἴ

489 3040 538 3100 ort
558 3042 762 3118 amplitudine,
785 3036 876 3122 quasi
897 3035 938 3101 de
955 3034 1097 3101 remedio
1110 3033 1305 3101 medicorum
1321 3040 1480 3120 ageretur,
1495 3033 1582 3099 lanus

342 3156 364 3215 ἰ
488 3173 571 3219 novo
593 3154 749 3219 vocabulo
771 3157 947 3218 cunabulari
968 3159 1160 3235 amplitudine
1181 3152 1366 3235 elicuerunt,
1399 3152 1489 3221 obliti
1509 3149 1581 3215 scili·

371 3346 379 3355 ι
410 3351 413 3356 y
489 3271 693 3354 cet'coloris,
720 3272 774 3357 qui
795 3276 922 3356 praeter
944 3269 1186 3356 amplitudinem
1209 3276 1242 3335 ct
1269 3270 1347 3334 folia
1369 3269 1410 3335 ad
1432 3288 1581 3353 compara·

422 3421 427 3435 ι
488 3387 609 3453 tionem
629 3389 779 3475 pertinet.
803 3388 919 3453 Deleta
941 3386 1157 3473 dittographia
1177 3393 1312 3453 coactori
1332 3386 1504 3473 legendum
1520 3404 1582 3449 esse

489 3511 640 3592 apparato

532 3630 648 3708 colore,
671 3626 874 3703 amplitudine.

406 3810 468 3879 449
762 3779 975 3865 29:6‚1u
1031 3773 1321 3866 (debacante).

538 3904 689 4005 quidam
715 3929 839 3984 errore
865 3905 959 3984 falso
987 3905 1213 3984 barbaricam
1240 3903 1578 4005 eam-appellabant.

572 4036 637 4101 Cur
658 4017 802 4124 quaeso?
823 4040 973 4125 quoniam
996 4038 1080 4124 apud
1101 4038 1351 4124 Aristophanem
1366 4038 1429 4102 tale
1451 4053 1579 4122 unguen·

488 4160 557 4219 tum
578 4163 855 4222 commemoratur.
899 4158 944 4221 At
964 4156 1083 4221 ideirco
1106 4162 1272 4221 barbarico
1294 4176 1359 4220 non
1380 4162 1430 4220 est
1451 4151 1578 4219 baccaris

487 4270 591 4352 radix,
613 4275 797 4339 cccccccccc
819 4293 892 4339 esse
914 4280 1036 4359 potest,
1063 4274 1223 4360 βάκχαρις
1249 4274 1334 4338 enim
1365 4293 1386 4338 a
1406 4266 1578 4337 Dioscorida

471 4391 548 4457 ffl.
571 4392 613 4457 44
634 4396 774 4456 vocatur.

545 4604 575 4664 'l
595 4598 717 4653 Eandem
747 4599 929 4653 coniecturam
958 4597 1121 4665 llayholliua
1136 4616 1167 4667 p.
1191 4598 1240 4653 110
1265 4614 1329 4653 anu.
1348 4596 1383 4653 64
1408 4597 1490 4666 paulo
1516 4592 1578 4646 dubi·

596 4708 699 4759 matins
718 4705 840 4774 protulit.
