3700 5625
722 762 812 825 Liber
825 764 983 827 XXXIII.
1343 760 1402 828 211

298 960 489 1039 rectissime,
511 978 587 1023 nam
608 979 673 1023 non
694 962 727 1023 In
749 961 878 1045 reliquis
895 967 1020 1024 tanturn
1043 960 1204 1024 codicibus
1228 960 1284 1027 scd
1308 964 1403 1024 otiam

295 1078 329 1140 in
353 1078 380 1140 B
403 1085 521 1141 exstat.

740 1215 970 1303 roo=o‚32.
1359 1322 1362 1329 ¹
1423 1222 1486 1293 ras
1543 1194 1548 1209 '

347 1343 392 1419 Et
419 1343 508 1419 alias
543 1349 738 1442 argentum
774 1345 898 1445 vivum
934 1366 1007 1421 non
1034 1345 1175 1443 largum
1212 1344 1402 1419 inventum

346 1485 415 1552 est.

378 1608 453 1673 Nou
471 1606 511 1671 do
532 1610 710 1693 praeterito
726 1615 871 1695 ternpore
894 1610 1013 1673 Plinius
1039 1609 1179 1693 loquitur
1200 1608 1257 1673 sed
1280 1608 1320 1671 dc
1342 1598 1402 1673 dua

294 1733 414 1797 astate.
458 1724 551 1801 Quod
573 1726 671 1810 igitur
698 1728 768 1793 aliis
798 1729 832 1792 iu
853 1727 932 1791 locis
960 1726 1085 1791 dixerat
1112 1746 1228 1809 ,rarum
1258 1726 1401 1792 inventu‘

296 1844 374 1931 (IX
398 1844 450 1924 60,
470 1842 543 1907 XV.
567 1844 637 1925 130,
658 1844 812 1911 XXVIII.
833 1847 861 1926 1,
883 1846 976 1927 217),
999 1842 1031 1907 id
1053 1843 1084 1907 h.
1107 1844 1126 1909 l.
1149 1843 1254 1909 dicere
1274 1844 1399 1911 moluit:

294 1983 356 2025 non
380 1968 497 2039 lorcam
519 1968 642 2025 Inventa
664 1976 716 2029 est.
915 2028 925 2042 ,
1005 2002 1007 2006 ,
1284 2028 1289 2035 ,

590 2086 825 2172 10531135.
858 2081 925 2173 (de
953 2060 1108 2169 sooria).
1421 2063 1483 2135 739

341 2213 507 2289 'Additur
534 2213 741 2312 emplastrIs
767 2221 807 2289 ut
832 2212 1091 2315 molybdaena,
1129 2212 1176 2287 do
1203 2234 1276 2310 qua
1303 2210 1403 2288 dioe-

345 2369 428 2421 mus
453 2346 488 2419 io
517 2345 692 2445 plumbo,
734 2344 966 2421 cicatricibus
994 2346 1149 2420 maxime
1175 2343 1404 2443 glutinandis

258 2466 261 2471 ’
344 2486 382 2555 ct
408 2486 537 2553 contra
562 2486 751 2554 tenesmos
780 2477 1098 2576 dysenteriasque,
1124 2477 1244 2576 lnlnsa
1266 2476 1404 2577 clyste-

341 2610 444 2687 ribus
470 2634 552 2686 cum
579 2617 720 2709 myrteo
748 2610 844 2689 oleo.

377 2740 562 2839 Emplastra
584 2750 615 2807 et
637 2744 789 2830 clysteres
811 2764 908 2829 quum
932 2744 995 2807 sint
1014 2743 1139 2809 dlversa
1162 2740 1322 2824 remedia,
1345 2738 1399 2804 illa

292 2861 496 2928 cicatricibus
518 2861 688 2947 prodesse,
716 2863 868 2947 clysteres
891 2869 1003 2926 contra
1020 2861 1231 2944 dysenteriae
1255 2860 1398 2924 adhiberi

292 2979 499 3044 manifestum
521 2989 580 3060 est,
603 2978 643 3044 oi.
666 2979 820 3046 XXXIV.
845 2982 911 3047 174.
956 2980 1028 3069 pllio
1050 2980 1148 3064 igitur
1169 2977 1263 3042 modo
1286 2977 1398 3041 distin·

291 3097 425 3184 guenda
446 3104 495 3163 est
516 3097 631 3162 oratio:
666 3103 866 3180 plnttnandis,
900 3117 925 3160 e.
949 3117 976 3162 c.
998 3110 1016 3160 I.
1037 3103 1281 3178 dysenteriasque
1302 3099 1400 3172 infima

292 3224 330 3282 cl.
354 3238 382 3280 c.
403 3239 439 3280 m.
462 3237 487 3279 o.

705 3338 828 3413 106Ξ
843 3332 991 3410 ibidem.
1068 3289 1072 3296 ¹
1421 3327 1484 3400 740

347 3466 528 3564 Chrysbis
555 3490 602 3542 cx
630 3487 725 3540 vena
761 3467 841 3562 ipsa
868 3467 921 3557 lit,
961 3469 1131 3568 argyritis
1159 3492 1205 3546 cx
1239 3477 1405 3568 argente,
1538 3473 1553 3485 ”

347 3598 561 3698 molybditis
589 3622 609 3673 e
637 3597 776 3696 plumbi
802 3599 918 3697 ipsius
939 3601 1073 3690 lusura,
1102 3623 1196 3699 qnae
1213 3601 1250 3676 fn
1271 3601 1407 3677 Puteo-

346 3734 392 3817 lis
419 3741 454 3808 et
480 3730 567 3808 lodo
595 3731 707 3818 habet
724 3753 876 3809 nomen.

379 3866 435 3948 ,Ut
457 3865 634 3931 Puteolana
656 3863 845 3927 nominetur‘
860 3864 956 3928 Hord.
981 3866 1110 3930 lliubuc
1135 3866 1228 3948 (nam
1250 3865 1345 3929 etiam
1370 3866 1402 3928 in

293 3985 405 4056 Sicilia
426 3983 494 4046 fieri
518 3989 629 4046 auctor
652 3990 701 4046 est
721 3981 929 4044 Dioscorides
953 3982 990 4046 V.
1010 3983 1101 4064 102),
1123 4003 1141 4046 e
1162 3982 1285 4068 plumbi
1297 3982 1402 4067 potius

292 4104 406 4168 fusura
427 4099 610 4186 molybditis
633 4099 818 4184 appellatur,
851 4098 965 4183 Itaque
989 4099 1249 4182 distinguendum
1273 4107 1321 4162 est
1343 4101 1401 4162 ito:

345 4260 369 4266 .„
398 4225 508 4294 lusrrro
530 4237 609 4300 quoe
628 4221 669 4297 fit
690 4222 835 4299 Puteolis,
859 4227 887 4280 et
908 4223 926 4280 t.
950 4221 980 4306 Ιι.Ι
1000 4240 1027 4281 o.
1171 4293 1174 4298 .

701 4341 772 4413 108
798 4358 834 4390 ²
859 4329 1011 4412 Ibidem.
1424 4370 1483 4439 741

345 4469 503 4562 Quidam
531 4468 606 4544 duo
631 4491 772 4567 genera
798 4468 937 4547 faciunt
963 4493 1128 4569 sponsae,
1155 4492 1250 4569 quac
1272 4478 1405 4547 vocant

343 4599 563 4698 scirerytida
589 4609 626 4675 ot
651 4625 869 4699 peumcncn.

381 4732 526 4796 Alterum
550 4749 651 4816 mnus
673 4733 759 4797 baud
781 4734 879 4798 dubie
890 4734 922 4797 id
936 4742 985 4799 est
1001 4737 1086 4821 quod
1099 4737 1211 4801 durum
1229 4737 1405 4805 solidumve

639 4862 642 4868 '
1183 4857 1250 4921 14*
