3700 5625
475 685 539 756 1oe
929 691 1020 756 toto
1042 691 1135 757 XXI.

419 901 426 911 ’
556 888 639 950 Leve
659 883 772 950 vitium
794 886 824 972 §.
846 887 888 955 38
914 886 1006 954 codd.
1020 887 1101 986 'RV
1122 893 1269 969 sanatur,
1305 888 1360 975 qui
1381 908 1444 952 uon
1463 899 1493 951 ot
1511 886 1559 952 sed

471 995 699 1068 sioutootoneo
720 1003 854 1086 habent¹
889 1012 926 1072 nt
952 1006 1049 1092 paulo
1071 1011 1145 1092 post
1163 1012 1242 1072 aione
1263 1017 1341 1070 turo.
1384 1006 1463 1072 Item
1481 1007 1507 1092 S,
1525 1006 1559 1074 40

474 1143 546 1188 enm
565 1122 595 1184 V
616 1120 817 1189 scribendum
840 1130 889 1188 est
911 1129 1108 1190 odoratorum
1129 1145 1173 1190 so.
1196 1125 1324 1214 florum,
1346 1124 1385 1192 of.
1409 1128 1436 1208 S.
1451 1127 1498 1192 45.

389 1229 453 1298 4⁵4
791 1246 1002 1332 νεῖν).
1034 1243 1102 1336 (de
1129 1243 1257 1328 niuei.

521 1373 702 1487 Ellossuri
736 1376 852 1453 tribus
890 1385 975 1451 ante
1013 1378 1201 1454 mensibus
1226 1377 1345 1454 mulsa
1386 1400 1480 1477 aqua
1503 1377 1598 1454 oir-'

520 1509 684 1585 oumlusa
709 1507 782 1587 hoo
821 1506 933 1586 veluti
973 1509 1204 1609 placamento
1237 1520 1356 1588 terrae
1383 1511 1562 1590 blandiun-

520 1650 598 1717 turz
625 1642 936 1746 eircumsoriptam
973 1667 1148 1721 mucrone
1176 1642 1290 1740 gladii
1317 1643 1409 1720 orbe
1434 1642 1563 1743 triplioi

522 1798 602 1850 oum
631 1772 803 1871 legerunt
830 1797 929 1865 earn,
969 1776 1136 1874 protinus
1160 1777 1197 1852 in
1225 1776 1367 1853 caelum
1397 1774 1563 1853 attollunt.

554 1907 656 1971 Reate
677 1905 776 1970 Ianus
798 1907 962 1993 vulgatam
983 1907 1153 1973 leetionorn
1175 1921 1203 1972 et
1217 1913 1331 1985 dissuti
1352 1929 1436 1994 quae
1449 1908 1579 1994 optimis

472 2024 565 2091 oodd.
586 2024 716 2090 fuloitur
747 2024 896 2106 retinuit,
926 2032 1024 2092 reeta
1041 2026 1126 2092 idern
1158 2026 1350 2114 ¹partioulanu
1378 2039 1406 2089 et
1442 2026 1564 2112 quaein

472 2143 565 2210 oola
586 2149 662 2209 ante
685 2162 753 2207 cum
772 2141 905 2228 legitur,
935 2143 1026 2208 alteri
1050 2144 1243 2229 respondere
1273 2144 1432 2209 intellexit
1452 2160 1564 2208 vocem·

340 2333 345 2341 ⁸
471 2279 533 2345 que
554 2277 617 2326 oum
640 2280 661 2323 a
682 2259 775 2325 codd.
798 2259 936 2324 alienam
958 2262 1088 2346 expulit.
1133 2261 1218 2326 Male
1238 2269 1348 2326 tamen
1369 2267 1566 2338 utromodo·

471 2388 531 2439 ταν
553 2395 637 2462 quae
658 2376 804 2444 oodieum
825 2377 920 2444 leotio
944 2386 994 2442 est
1014 2397 1087 2443 oum
1102 2378 1240 2444 ablativo
1256 2379 1473 2444 eommutavit.
1493 2376 1566 2442 Nam

467 2501 504 2558 et
525 2493 686 2560 obiectum
707 2493 908 2562 desideratur
929 2500 961 2559 et
974 2497 1157 2562 necessaria
1172 2517 1245 2560 oum
1259 2495 1480 2580 lireophrnsto
1501 2513 1566 2558 oon·

471 2611 628 2695 gruentia.
672 2610 801 2676 Seilioet
820 2613 874 2676 ille
893 2612 951 2678 IX.
975 2613 1003 2679 8.
1026 2615 1046 2680 7
1073 2635 1137 2678 uon
1158 2621 1276 2677 terram
1299 2611 1357 2676 sed
1383 2612 1495 2679 iridem
1516 2611 1566 2676 oir-

442 2767 447 2777 ,
471 2727 640 2793 eumeeribi
663 2727 803 2793 dixerat:
826 2734 958 2815 τέμνειν
980 2730 1017 2795 δὲ
1040 2726 1185 2817 ἀμφήκει
1207 2734 1297 2817 ξίφει
1318 2730 1566 2817 περιγράψαντα

471 2844 517 2923 εἰς
535 2852 631 2930 note·
657 2845 742 2921 Quid
767 2847 895 2913 multa?
936 2869 1000 2913 non
1020 2850 1210 2917 ..mutatione
1242 2848 1301 2912 sed
1331 2847 1568 2933 transpositione

472 2964 642 3029 verborum
665 2984 745 3049 opus
766 2970 816 3029 est
837 2964 923 3031 huno
945 2965 978 3029 in
1000 2965 1146 3031 modum:

514 3088 554 3145 Et
571 3087 687 3161 sosani
709 3093 730 3145 t.
753 3101 782 3145 o.
804 3102 841 3145 m.
864 3105 902 3149 m.
925 3104 955 3146 a.
978 3104 1004 3147 o.
1026 3087 1054 3147 t.
1076 3104 1103 3148 o.
1122 3105 1155 3163 p.
1178 3096 1196 3146 t.
1221 3089 1259 3165 ln,
1281 3096 1309 3147 et
1324 3086 1568 3161 otrouooaoriotou

514 3221 551 3261 m.
573 3220 601 3277 o.
626 3218 654 3263 o.
677 3210 697 3261 t
720 3219 786 3262 orum
808 3204 942 3277 leonum
960 3223 991 3281 p.
1015 3208 1034 3264 i.
1055 3220 1082 3264 o.
1104 3220 1131 3263 o.

474 3320 508 3382 ln
530 3316 600 3380 loeo
623 3315 807 3381 difficillimo
829 3316 908 3402 §.45
930 3337 988 3401 pro
1004 3338 1038 3384 ν,
1061 3322 1144 3395 leitil,
1167 3316 1252 3402 quod
1269 3288 1373 3382 inutili
1396 3318 1570 3403 coniectura

472 3435 502 3497 in
526 3441 599 3495 mire
621 3452 641 3506 a
663 3430 809 3497 Straakio
836 3441 993 3499 mutatum
1016 3441 1082 3517 eat,
1111 3432 1235 3521 syllaba
1260 3443 1342 3519 quae
1372 3435 1407 3498 in
1437 3434 1569 3519 proximo
1634 3406 1635 3500 l

473 3550 628 3615 vocabulo
650 3544 742 3612 ooooo
762 3549 852 3633 latet,
875 3549 986 3616 addita
1008 3556 1156 3633 conchylii
1181 3550 1295 3614 scribo.
1319 3548 1485 3637 Oonohylii
1505 3569 1567 3638 gra·

473 3669 518 3733 tia
539 3687 634 3753 quem
657 3666 814 3751 oonohylii
847 3646 955 3731 fucum
978 3653 1123 3732 Catullus
1154 3668 1310 3753 appellat,
1341 3669 1471 3732 omnino
1492 3665 1569 3731 oolor

472 3804 650 3870 purpureus
673 3791 731 3867 est,
755 3804 849 3871 aquo
872 3784 958 3872 quod
980 3786 1117 3871 ‚proprio
1135 3784 1346 3869 eonohylium‘
1369 3781 1568 3867 dieiturfflt
1633 3778 1634 3868 l

472 3911 508 3969 ut
531 3901 654 3986 speeies
677 3923 696 3966 a
718 3922 837 3987 genere
857 3900 972 3967 differt.
1088 3942 1090 3945 -

391 4085 454 4153 aa
926 4026 968 4097 51
984 4007 1127 4110 :aar

523 4151 570 4229 Et
609 4151 687 4229 lere
726 4152 885 4251 peractis
935 4138 1100 4230 colorum
1141 4172 1290 4250 quoque
1330 4149 1568 4229 celeberrimis

525 4284 654 4361 transit
680 4284 771 4361 ratio
798 4284 846 4361 ad
873 4307 936 4361 eas
964 4306 1135 4363 coronas.

557 4414 630 4479 Non
651 4422 730 4479 ron'o
751 4416 866 4482 transit
885 4416 945 4483 sed
966 4422 1082 4499 watto,
1106 4436 1188 4503 quaa
1209 4414 1419 4485 xxvffler
1439 4394 1568 4499 ,ludunt

465 4534 517 4605 ab
537 4532 667 4599 homine
689 4532 821 4617 fugere‘.

559 4651 589 4737 S.
611 4650 652 4723 ot
673 4655 828 4715 docuimus
849 4658 882 4718 et
904 4672 969 4715 eom
991 4649 1193 4722 seribendum
1217 4670 1291 4718 esse
1313 4652 1446 4719 oonioio.
