3700 5625
717 737 824 801 niter
843 739 970 801 XXXI.
1347 746 1408 815 195

387 918 589 1015 Praepositio
610 950 675 1015 qus
694 950 805 997 carcre
825 952 890 995 non
913 953 1099 1019 possumus,
1123 956 1142 1002 e
1162 958 1241 1005 roos
1262 942 1408 1027 proxima

306 1065 370 1111 uns
392 1047 500 1110 littera
519 1048 657 1133 repetita
677 1048 872 1113 restituitur:
901 1054 1064 1131 domosque
1084 1075 1101 1118 c
1120 1063 1235 1124 massis.

355 1276 360 1283 ‚
749 1186 955 1275 sua-ms.
1429 1206 1491 1279 598

355 1312 589 1391 Salsissimus
615 1313 669 1390 sal
695 1315 758 1414 qui
784 1317 1028 1409 siccissimas,
1062 1323 1303 1403 suavissimus
1329 1350 1408 1404 om-

353 1447 454 1522 nium
466 1446 685 1523 Tarentinus
711 1454 821 1546 atque
835 1451 1131 1545 candidissimus,
1158 1463 1194 1532 et
1216 1457 1262 1533 de
1281 1466 1406 1537 cetero

352 1577 494 1680 fragilis
522 1581 584 1679 qui
611 1581 767 1656 maxime
793 1582 988 1661 candidus.
1097 1592 1099 1597 ’

386 1725 485 1777 cetero
507 1712 576 1777 Ian.
599 1731 617 1775 e
641 1711 757 1776 Viuo
779 1715 832 1778 cui
850 1718 1042 1782 assentirem
1065 1720 1126 1785 nisi
1149 1720 1219 1787 ood.
1233 1722 1277 1787 R²
1299 1731 1407 1789 uncto·

301 1852 371 1895 rem
393 1831 485 1917 sequi
511 1831 655 1915 mollem3
696 1842 724 1895 et
744 1830 831 1895 haud
858 1832 961 1897 dubie'
981 1838 1169 1903 mutandum
1197 1840 1340 1925 videtur,
1372 1849 1408 1908 ut

300 1951 446 2034 legatur:
468 1955 700 2015 candidissimus
721 1961 791 2032 est,
813 1954 858 2013 de
882 1962 980 2015 cetero
1003 1954 1059 2021 rol.

791 2102 924 2167 Ibidem.

351 2220 391 2297 lu
423 2221 511 2320 igne
552 2245 623 2298 nec
661 2222 813 2321 crepitat
849 2246 920 2299 nec
955 2224 1076 2301 exsilit
1103 2226 1335 2327 Tragasaeus
1360 2271 1407 2288 -
1428 2232 1489 2313 6'99

351 2377 422 2431 nec
448 2352 559 2430 ullius
585 2378 716 2455 spuma
740 2361 804 2430 aut
828 2364 1030 2433 ramentum
1062 2365 1125 2435 aut
1151 2362 1284 2439 tenuis,

384 2493 461 2550 ullus
474 2486 541 2549 TV
557 2487 611 2568 R¹‚
633 2499 765 2552 ramento
783 2509 906 2571 omnes,
925 2497 1012 2554 recte
1028 2492 1068 2556 ab
1081 2494 1106 2556 Ι.
1122 2500 1261 2578 recepta,
1276 2493 1407 2561 habent.

301 2603 435 2668 Oollutis
458 2605 507 2689 ξς.
530 2607 588 2688 74,
610 2606 650 2675 76
681 2612 714 2671 et
742 2605 957 2693 dittographia
985 2607 1092 2673 deleto
1113 2610 1316 2677 scribendum
1339 2619 1405 2678 est:

300 2734 511 2788 estrumento
536 2730 641 2789 tenuis.

576 2939 581 2952 .
620 2883 834 2968 87=7,41.
873 2879 1083 2974 (desole).
1427 2908 1489 2980 700

349 3013 523 3091 conditur
554 3012 663 3090 etiam
698 3011 876 3088 odoribus
912 3011 1184 3105 additis--‚
1212 3016 1262 3092 ita
1294 3023 1333 3092 ut
1358 3017 1405 3094 sit

348 3144 546 3247 peculiaris
573 3169 620 3222 ex
649 3166 694 3221 eo
721 3141 932 3220 intellectus
964 3146 1060 3223 inter
1093 3147 1283 3225 innumera
1316 3172 1406 3229 con-

349 3279 512 3355 dimenta
554 3277 717 3357 [iterum]
747 3276 785 3353 in
811 3278 1034 3368 mandendo,
1060 3281 1249 3378 quaesitus
1276 3306 1380 3382 garo.

382 3411 540 3476 Homines
553 3433 626 3476 cum
646 3412 761 3475 iterum
775 3409 927 3474 mandere
940 3432 1004 3474 non
1018 3410 1142 3475 soleant
1155 3433 1259 3500 neque
1282 3437 1405 3500 garum,

299 3530 387 3618 quod
409 3530 550 3616 ,liquoris
573 3528 722 3614 exquisiti
745 3529 858 3613 genus‘
880 3529 907 3611 ς.
920 3527 961 3595 93
983 3539 1123 3612 vocatur,
1145 3531 1254 3596 mandi
1276 3535 1404 3598 omnino

298 3650 417 3736 possit,
446 3648 589 3735 sequitur
612 3666 707 3732 quom
729 3646 899 3709 lectionem
922 3646 988 3713 Sill.
1012 3667 1029 3711 e
1051 3648 1139 3713 libris
1161 3649 1251 3717 MSS.
1273 3654 1404 3738 recepit,

300 3787 373 3832 eam
395 3767 472 3830 ferri
495 3788 560 3830 non
576 3784 686 3850 posse.
709 3763 840 3827 Nolani
863 3763 992 3842 quidem
1009 3765 1202 3849 coniectura,
1223 3788 1287 3853 qua
1308 3770 1404 3834 inter-

297 3885 473 3970 punctione
495 3889 638 3946 oorrects
659 3886 776 3945 interim
797 3880 818 3943 i.
841 3901 868 3944 e.
892 3881 1053 3946 interdum
1076 3884 1171 3947 scribi
1193 3886 1309 3970 uoluit,
1338 3909 1405 3952 rem

298 4001 424 4066 absolvi
456 4001 643 4085 putaverim,
691 4000 775 4064 Nam
801 3975 864 4063 non
893 3999 1054 4063 interdum
1083 4000 1140 4064 sod
1174 4022 1301 4089 semper
1329 4007 1405 4071 salis

298 4139 448 4205 saporem
469 4119 605 4203 intelligi
627 4119 660 4180 in
681 4117 863 4181 mandendo
887 4124 1030 4202 apparet.
1051 4117 1124 4182 Non
1146 4122 1334 4186 mutandum
1356 4133 1406 4188 ost

297 4237 492 4304 vocabulum
513 4238 657 4322 ineptum
687 4236 955 4350 sedpelendum,
990 4256 1008 4300 e
1033 4237 1146 4302 litteris
1175 4239 1331 4305 similibus
1358 4249 1403 4306 ic-

297 4364 396 4422 terinn
418 4377 500 4441 quae
523 4355 661 4419 eundem
684 4355 751 4418 fere
772 4377 884 4420 versus
906 4355 1079 4439 superioris
1101 4354 1206 4421 locum
1225 4377 1404 4444 occupasse

259 4509 265 4518 ·
297 4476 463 4563 putandas
493 4480 582 4555 sunt,
612 4474 696 4537 mule
723 4475 903 4560 repetitum.
947 4475 984 4538 In
1005 4473 1151 4558 proximo
1173 4496 1270 4541 sensu
1292 4478 1403 4543 vitium

298 4617 318 4662 a
340 4596 407 4661 Sili.
429 4594 535 4660 Plinio
556 4593 723 4658 obtrusum
744 4593 785 4657 ab
807 4592 886 4657 Iuno
904 4591 1018 4656 merito
1039 4594 1208 4675 expulsum
1232 4615 1327 4680 quom
1349 4617 1405 4662 onw

295 4716 422 4802 tiquum
449 4713 506 4794 sit,
527 4710 644 4776 Isidori
669 4712 739 4777 looo
760 4711 848 4778 XVI.
870 4711 891 4779 2
916 4697 1155 4776 demonstretur
1182 4715 1247 4799 qui,
1269 4716 1402 4780 multum

1149 4831 1217 4898 13·
