3700 5625
714 576 816 645 utta
838 576 937 646 w.
1329 573 1392 642 lat

286 763 476 850 scriptoram
489 763 617 831 nonne
636 781 736 850 quam
750 783 769 830 a
783 763 957 830 codicibus
970 761 1167 829 salmana
1180 761 1283 846 pddi
1295 761 1333 828 R
1355 763 1388 829 in

285 879 427 946 bonitatis
437 883 592 966 mutavit,
603 881 747 962 retinuit,
760 879 849 948 VJ).
864 879 1022 949 assentiri
1033 898 1176 964 nequeo.
1204 879 1387 951 Manifesta

283 1000 363 1064 enirn
384 1019 450 1064 non
471 997 607 1064 claritas
628 997 777 1078 bonitati,
798 999 859 1064 sed
879 1018 969 1064 anno
989 1015 1098 1084 genus
1119 996 1314 1083 opponitur,
1339 999 1386 1063 ita

280 1127 311 1181 ut
331 1139 427 1202 quum
449 1115 574 1184 nullutn
592 1137 699 1204 genus
722 1129 858 1203 praeter
881 1137 940 1197 ea,
972 1117 1153 1203 dequibus
1177 1115 1386 1183 disseruerat

280 1233 406 1319 Plinius,
428 1235 556 1300 clarum
578 1233 803 1320 perhibentur,
824 1253 943 1319 annus,
958 1256 1024 1321 quo
1040 1235 1194 1319 Opimius
1209 1231 1384 1300 consulatu

279 1351 404 1420 iunctus
427 1365 491 1439 est,
513 1353 929 1440 clarissimnsappelletur.
956 1355 1074 1441 ltaque
1095 1373 1115 1420 e
1136 1351 1274 1418 haitais·
1293 1355 1383 1440 qnod

278 1471 306 1536 ln
320 1471 413 1537 codd.
430 1473 478 1538 cd
495 1471 671 1557 reperitur,
687 1471 865 1538 ablativum
880 1471 1018 1538 efficere
1031 1482 1176 1558 oportet,
1198 1492 1265 1558 quo
1278 1490 1383 1537 causa

277 1610 331 1655 cur
344 1609 452 1656 annus
467 1587 580 1656 clarus
593 1590 706 1664 fuerit,
725 1591 944 1656 contineatur.
966 1589 1189 1656 Scribendurn
1202 1600 1255 1656 est
1265 1589 1380 1677 igiturz

312 1749 353 1764 -
369 1709 505 1776 claritas
524 1708 641 1798 paneri
659 1733 725 1775 non
746 1705 812 1796 fuit
834 1709 945 1792 alicui,
969 1731 1058 1774 anno
1078 1703 1145 1796 fuit
1166 1708 1309 1774 omnium
1328 1730 1380 1798 pe-

313 1849 426 1892 netrem
446 1825 625 1892 bonitate
647 1827 707 1894 rel.

722 2015 771 2089 62
785 2043 825 2084 =
838 2015 862 2088 6
888 2013 925 2090 8.

320 2151 517 2230 Exolescit
534 2153 606 2228 hoo
628 2177 775 2254 quoque
798 2071 929 2253 copiae
950 2152 1072 2253 potius
1094 2175 1203 2252 quam
1227 2153 1379 2229 bonitati
1395 2035 1459 2103 ²³⁶

204 2349 206 2374 ι
278 2311 282 2320 ’
316 2291 579 2368 studentium.

204 2509 205 2512 Ἴ
351 2425 460 2492 Recte
489 2423 637 2509 Silligius
661 2443 780 2491 vocem
809 2423 955 2489 ultimam
989 2422 1151 2509 explicari
1178 2445 1246 2490 nnn
1273 2445 1377 2510 posse

204 2545 206 2560 '
275 2544 448 2622 contendit,
469 2553 676 2630 quapropter
700 2561 774 2608 curn
795 2541 1014 2626 Dalecampio
1036 2540 1131 2628 culpo
1152 2542 1263 2629 copiae
1283 2542 1376 2628 legit.

274 2664 335 2729 Sed
357 2663 488 2730 facilius
508 2663 683 2748 leniusque
704 2662 873 2730 scribetur
889 2659 1104 2726 studentibus.
1137 2663 1173 2725 ln
1189 2659 1376 2748 archetypo

275 2783 351 2847 eninr
364 2769 599 2860 eusrrn'r'ar1a3
621 2781 721 2848 solita
732 2780 917 2847 litterarum
938 2789 1003 2845 net
1021 2801 1039 2841 v
1061 2781 1304 2866 permutatione
1322 2781 1375 2848 fa-

274 2910 353 2966 ctum
374 2901 506 2968 videtur
528 2886 685 2967 sarrensi.

687 3049 952 3128 72=lbidenn
1391 3082 1454 3148 237
1484 3156 1487 3161 1

319 3254 360 3269 -
377 3207 575 3309 dequibus
594 3231 797 3283 consensus
812 3204 893 3281 aovi
919 3204 1253 3305 iudicaverint,
1280 3209 1375 3287 haec

203 3364 204 3411 ὲ
318 3356 436 3431 anub,
1348 3430 1353 3440 ,

348 3481 455 3551 Unius
478 3479 554 3547 aeri
571 3500 657 3548 unns
680 3498 868 3548 consensus
892 3489 963 3545 est:
983 3479 1096 3565 itaque
1113 3475 1292 3565 legendnm
1312 3482 1372 3547 iu·

274 3597 445 3665 dirarari
452 3608 473 3665 i.
497 3600 653 3668 Ceterum
666 3620 754 3687 quae
767 3601 941 3687 praecedit
956 3600 1118 3681 narratio,
1132 3620 1154 3666 a
1166 3600 1374 3691 Silligionon

274 3716 441 3797 intellecta,
462 3720 509 3783 ita
527 3713 580 3784 est
593 3718 806 3803 explicanda.
832 3717 991 3785 Libertus
1007 3720 1062 3807 qui
1075 3719 1221 3805 palatum
1229 3723 1374 3811 Augusti

274 3839 394 3917 penitus
415 3846 546 3916 nosset,
565 3835 688 3921 hospiti
711 3836 810 3912 dixit,
831 3835 894 3899 sibi
918 3836 1049 3919 quidem
1070 3838 1180 3901 vinum
1203 3841 1292 3923 quod
1314 3860 1372 3905 ex·

203 3978 205 4079 Ι
274 3950 455 4033 hibebatur,
483 3974 606 4018 novum
630 3964 663 4017 et
683 3949 828 4036 ignobile
848 3951 973 4029 videri,
995 3954 1057 4018 sed
1079 3952 1239 4019 Caesaris
1262 3959 1373 4041 gustui

203 4110 204 4115 κ
275 4085 330 4137 tan
352 4072 638 4139 accommodatum
661 4078 698 4134 nt
723 4068 779 4133 ille
800 4088 869 4135 non
890 4066 980 4134 aliud
1001 4081 1141 4155 poturus
1163 4084 1266 4139 esset.

687 4237 945 4332 ao=10,12.
1387 4278 1450 4345 238

315 4392 405 4467 'l'ria
436 4416 565 4467 eorum
592 4416 748 4493 generat
786 4390 930 4468 decima
959 4402 1065 4492 parte
1097 4419 1214 4493 aquae
1246 4396 1372 4475 addita

317 4554 407 4629 quaa
435 4528 547 4607 musti
573 4553 754 4631 expressa
780 4528 828 4605 sit
859 4538 897 4605 et
926 4528 979 4605 ita
1003 4540 1113 4607 nona
1139 4557 1183 4610 ac
1209 4532 1271 4610 dia
1297 4559 1370 4609 ma-

318 4666 472 4747 dalootis
491 4667 655 4748 vinaceis
684 4692 890 4769 sonusque
919 4669 1026 4768 prelo
1052 4668 1249 4765 subiectis3
1282 4670 1371 4747 alta-
