3700 5625
488 711 531 779 80
939 715 1030 778 hiber
1051 714 1143 781 XIX.

484 912 660 974 belhimo
684 905 906 994 Theophrasto
930 907 1003 973 VII.
1027 908 1076 976 13.
1098 908 1118 976 9
1141 891 1243 994 ¹utque
1273 929 1313 974 ex
1335 909 1449 975 eodem
1484 911 1580 996 eapite

484 1028 513 1111 ξ.
535 1032 554 1092 5
577 1031 734 1106 oeailopo,
772 1044 867 1112 quam
890 1025 1053 1112 vulgatam
1086 1025 1257 1092 lectionem
1280 1026 1346 1092 Sill.
1368 1027 1436 1095 Ian.
1467 1035 1579 1094 temore

484 1148 754 1230 contempserunt,
775 1141 975 1208 restituenda
997 1149 1080 1208 sunt.

929 1281 1134 1367 98:6331.

399 1306 459 1373 40¹
531 1410 756 1512 amplissime
780 1416 903 1486 autem
946 1409 1091 1504 (radix)
1121 1407 1291 1511 lapatho,
1312 1417 1374 1498 ¹ut
1400 1433 1496 1510 quae
1522 1411 1579 1488 de·

532 1542 687 1621 scendet
712 1542 761 1619 ad
786 1542 854 1618 tria
881 1543 1022 1641 cubite3
1058 1541 1218 1619 silvestri
1246 1543 1427 1626 minoret
1454 1543 1578 1632 umida,

401 1732 403 1736 ,
532 1676 667 1754 effossa
693 1697 843 1774 quoque
871 1674 933 1751 diu
961 1673 1061 1750 vivit.

565 1807 741 1872 Numerum
762 1807 922 1894 corrigere
943 1827 1008 1872 uon
1031 1807 1150 1889 ausim,
1173 1806 1322 1892 quoniam
1339 1805 1409 1871 fieri
1430 1808 1533 1894 potuit
1549 1813 1580 1871 ut

482 1923 617 2008 librarii,
660 1923 775 2012 quihus
808 1926 942 2012 soriptor
977 1925 1047 2009 ipse
1075 1909 1242 2007 utebatur,
1286 1944 1455 1990 numerum
1488 1930 1580 2014 τριῶν

482 2039 671 2130 ἥμιποδίων
697 2041 752 2127 qui
784 2041 869 2126 apud
891 2040 1149 2126 Theophrastum
1171 2041 1241 2106 Vll.
1263 2042 1292 2110 2.
1316 2043 1336 2110 7
1358 2049 1481 2127 exstat,
1516 2063 1579 2128 per·

385 2216 392 2237 ,
481 2179 593 2246 peram
613 2159 901 2244 interpretarentur
929 2165 984 2224 aut
1005 2163 1154 2222 notarent
1198 2157 1257 2238 (de
1279 2179 1342 2244 quo
1366 2180 1509 2224 errorum
1529 2179 1578 2245 ge·

482 2295 559 2342 nere
595 2276 629 2340 in
656 2275 907 2342 ohrestomathia
937 2299 967 2362 p.
988 2275 1102 2341 XVIII
1134 2275 1233 2342 verba
1264 2275 1412 2371 ieoi)*),
1451 2278 1578 2341 alterum

482 2401 591 2460 tamen
606 2413 753 2470 errorem
782 2393 895 2459 eodem
917 2393 1140 2480 Theophrasto
1170 2401 1300 2458 auotore
1329 2392 1578 2479 interpungendo

482 2511 603 2593 tollam,
631 2517 667 2574 ut
688 2513 795 2577 omnia
815 2520 944 2598 praeter
966 2512 1046 2576 duas
1068 2533 1164 2578 voees
1185 2518 1272 2576 reote
1286 2510 1327 2576 ad
1348 2511 1521 2597 lapathum'
1535 2531 1578 2574 re·

482 2628 640 2694 ferantur:

440 2813 444 2823 ,
524 2768 553 2813 o.
575 2727 605 2810 o.
627 2753 644 2811 1.
666 2769 695 2811 ιι.
718 2769 747 2828 q.
771 2751 801 2810 d.
823 2767 852 2813 o.
879 2756 899 2815 t.
929 2751 1030 2813 colito
1052 2783 1091 2794 -
1112 2751 1241 2813 silvestri
1266 2753 1364 2813 minor
1392 2785 1430 2796 -
1459 2759 1488 2813 et
1514 2751 1577 2814 amt-

523 2871 566 2930 tto
586 2866 643 2930 rel.

399 2986 464 3056 402
891 2987 896 2995 ’
924 2980 1053 3060 10οε
1066 2986 1160 3074 6,31.

530 3103 640 3182 Folia.
659 3146 763 3160 --
792 3104 948 3181 maxime
975 3126 1141 3184 aonoava
1166 3110 1252 3179 sunt
1278 3126 1405 3204 oepae,
1432 3102 1574 3203 gethyo.
1637 3098 1639 3105 '

563 3234 635 3300 Non
663 3235 791 3321 γήθυον
819 3234 877 3300 sed
900 3235 1035 3323 ’γήτειον
1068 3237 1251 3302 nominatur
1274 3256 1294 3300 a
1314 3234 1534 3321 Theophrasto
1553 3234 1575 3298 Ι.
1636 3308 1637 3338 1

482 3352 533 3421 10.
554 3354 575 3419 8
598 3358 630 3417 et
650 3352 721 3417 VII.
737 3343 773 3418 l.
795 3352 845 3435 10,
867 3352 976 3440 itaque
991 3353 1194 3419 scribendum
1212 3358 1261 3418 est
1276 3358 1356 3433 peteo
1374 3360 1480 3436 (peteo
1491 3350 1575 3437 Apul.
1631 3430 1635 3461 1

483 3494 514 3557 p.
534 3470 672 3537 XXXII.
701 3469 751 3534 ed.
782 3468 849 3535 Sill.
878 3478 910 3535 et
938 3471 996 3557 d);
1029 3471 1114 3536 idern
1143 3471 1229 3537 valet
1251 3469 1291 3534 do
1315 3471 1342 3555 ᾖ.
1366 3472 1426 3538 105
1454 3478 1486 3535 et
1517 3468 1575 3547 107,
1626 3485 1631 3558 g

419 3640 424 3649 .
482 3588 538 3653 ubi
556 3595 636 3668 petio
659 3594 692 3652 et
714 3576 838 3653 Gentem
858 3587 891 3652 in
913 3609 943 3671 a,
965 3599 1055 3673 poten
1077 3596 1109 3654 et
1134 3594 1267 3655 Gentium
1287 3589 1321 3652 in
1343 3586 1397 3653 od
1418 3587 1538 3673 legitur.
1626 3637 1630 3650 .

917 3710 1153 3799 ror=o,er.
1549 3813 1553 3823 1
1624 3659 1629 3718 ¹

399 3822 462 3893 403
533 3838 655 3941 Copae
680 3861 822 3937 genera
846 3840 945 3939 apud
974 3840 1199 3920 Graecos-
1229 3838 1490 3933 Samothracia,
1515 3832 1573 3913 Al-

533 3972 663 4049 sideua
688 3971 754 4048 rel.

539 4161 570 4224 ’1
590 4160 633 4213 lta
650 4160 747 4224 5:124
765 4160 870 4213 Plinius
897 4158 972 4228 apud
997 4157 1216 4226 Theophrastum
1244 4156 1301 4210 VII.
1321 4157 1347 4213 6.
1368 4158 1384 4214 3
1412 4174 1467 4212 ιιοη
1493 4148 1571 4227 μανό-

591 4266 699 4332 φυλλον
724 4265 773 4321 sed
791 4261 988 4336 perdomitor,
1016 4262 1043 4332 §.
1063 4264 1114 4319 125
1134 4263 1208 4332 apud
1232 4262 1351 4317 eundem
1372 4263 1430 4318 Vll.
1449 4264 1474 4317 l.
1492 4263 1569 4317 511011

590 4366 703 4430 ὀπῶδες
730 4371 778 4424 sed
803 4370 914 4430 πυῶδες
946 4363 1104 4441 transtulit,
1130 4371 1196 4422 item
1226 4372 1249 4433 §.
1270 4369 1330 4425 104.
1359 4369 1416 4421 Vll.
1441 4368 1499 4423 19
1525 4378 1567 4416 ⁰⁰1¹

591 4469 654 4529 οἷον
672 4475 720 4529 sed
740 4474 792 4529 lov.
814 4480 849 4530 et
867 4476 892 4544 S.
912 4472 964 4532 120
983 4477 1079 4529 lacuna
1097 4474 1225 4528 codicum
1245 4475 1301 4529 Vll.
1321 4474 1347 4529 3.
1364 4475 1380 4529 3
1399 4474 1480 4528 simili
1497 4467 1566 4523 modo

591 4581 731 4651 expletur,
767 4597 822 4651 quo
841 4567 965 4641 Geraia
984 4582 1056 4637 libro
1076 4597 1127 4637 suo
1151 4580 1305 4650 suppletam
1333 4582 1469 4650 reperisse
1490 4579 1567 4646 putru-

592 4687 643 4741 dus
662 4693 712 4743 eet.
