3700 5625
468 744 531 818 214
895 746 987 812 liter
1007 748 1160 815 XXXIV.

882 939 1004 1017 itaut
1029 940 1163 1019 fflll.

532 1108 583 1172 De
605 1107 654 1193 §S-
671 1105 803 1187 13-9a
826 1106 991 1176 140-141
1014 1110 1046 1172 in
1065 1106 1388 1193 chrestomathiaegi,
1410 1116 1577 1193 praeterea

470 1226 564 1305 ΗΟ
584 1228 683 1292 verba
703 1227 927 1311 ,Harmodium
951 1264 987 1273 -
1011 1224 1206 1291 Alexander‘
1239 1224 1348 1290 addito
1371 1225 1502 1289 artificis
1524 1246 1576 1289 no·

470 1345 570 1427 mine,
606 1345 772 1428 ,Antenor‘
806 1347 834 1433 §.
857 1347 898 1413 72
920 1366 1003 1434 pone
1026 1367 1054 1408 v.
1084 1344 1260 1430 ‚bigasque‘
1295 1342 1470 1408 inserenda
1508 1364 1577 1407 esse

471 1463 546 1529 alibi
561 1464 679 1529 monui.
707 1463 875 1538 Quaedam
899 1470 1005 1528 antem
1027 1464 1059 1527 in
1080 1463 1193 1548 prioris
1216 1461 1290 1525 edit.
1335 1460 1577 1526 Teubnerianac

471 1583 619 1669 exemplo
642 1581 727 1670 quod
749 1588 926 1647 correctum
959 1582 1063 1668 operis
1086 1580 1310 1646 excudendum
1340 1580 1576 1644 transmiseram

379 1749 386 1761 ,
472 1701 644 1765 emendare
663 1700 800 1785 neglexi.
836 1698 865 1783 S.
888 1699 929 1764 82
951 1697 1049 1761 Ianus
1071 1699 1188 1763 rectius
1211 1698 1347 1764 fortasse
1371 1700 1578 1777 Philippensis

472 1817 632 1883 accd‘B
655 1816 796 1902 scripsit,
835 1836 909 1880 nam
945 1816 1029 1901 quod
1054 1818 1081 1901 ξ.
1104 1815 1145 1883 66
1182 1816 1328 1901 copulam
1364 1826 1394 1877 et
1431 1816 1577 1897 restituit,

473 1942 584 2000 contra
605 1933 723 1999 codicis
744 1932 969 1998 auctoritatem
990 1934 1112 1998 factum
1135 1940 1192 1997 est.
1549 1914 1560 1937 ³

390 2060 452 2130 ur
820 2072 994 2160 10:25.
1022 2069 1091 2161 lde
1118 2088 1239 2149 aeret.

523 2203 695 2279 Pronirna
720 2200 800 2279 laus
828 2202 1053 2300 Aeginetico
1080 2202 1164 2291 tuit,
1196 2201 1330 2290 [insula
1356 2202 1448 2300 ipsa'
1464 2222 1572 2297 aera]

523 2358 593 2413 nec
620 2337 720 2434 quod
747 2336 796 2412 ibi
823 2336 1049 2434 gigneretur,
1091 2334 1157 2411 sed
1187 2334 1413 2411 cilicinarum
1442 2342 1576 2435 tempe-

523 2476 645 2544 ratura
674 2467 875 2546 nobilitata.
917 2476 921 2483 '

558 2608 663 2665 Insula
684 2607 809 2679 etipsa,
832 2621 888 2664 nec
909 2620 961 2663 ces
981 2607 1108 2678 pierreius
1130 2606 1184 2663 sed
1206 2601 1310 2685 vulgo,
1333 2606 1430 2662 insutu
1454 2607 1519 2680 ipsc
1541 2614 1580 2663 est
1658 2662 1659 2671 ,

477 2760 513 2770 -
538 2739 594 2782 nec
615 2724 698 2797 qrrod
718 2724 759 2780 iti
780 2725 966 2796 pignoretur,
988 2724 1043 2781 sed
1068 2721 1119 2793 off.
1141 2731 1340 2797 temperatura
1361 2754 1402 2764 —
1425 2725 1579 2783 nobilitata

475 2838 584 2902 Ianua.
629 2836 765 2903 Codices
788 2844 895 2900 autem
917 2836 963 2900 ita
984 2836 1123 2900 variant:

519 2964 552 3020 et
573 2956 646 3042 ipsa
667 2968 686 3018 e
707 2974 767 3018 nec
790 2968 810 3018 e
831 2955 967 3040 gignens
988 2954 1018 3018 a

516 3085 546 3137 et
567 3072 639 3157 ipsa
661 3077 789 3135 estnec
813 3077 862 3134 est
884 3071 1020 3156 gignens
1045 3071 1072 3133 V

448 3201 458 3218 ‘
517 3197 549 3254 et
570 3190 642 3274 ipsa
663 3209 724 3252 nec
745 3209 800 3251 aes
823 3188 958 3273 gignens
982 3188 1001 3251 d
1029 3195 1078 3256 (et
1099 3189 1192 3252 codd.
1216 3189 1371 3266 Gelenii).

557 3306 630 3381 Qua
650 3305 802 3369 librorum
833 3305 1025 3369 deteriorum
1055 3307 1213 3390 scriptura
1241 3307 1580 3391 comparata'efficitur

476 3426 559 3488 aeris
581 3444 698 3488 nomen
726 3424 953 3508 interpolatum
975 3433 1126 3509 recteque
1159 3424 1198 3488 ab
1223 3423 1301 3486 lanu
1325 3425 1480 3488 omissum
1506 3445 1580 3490 esse.

475 3541 613 3628 Reliqua
635 3540 831 3626 compendiis
855 3539 1019 3626 archetypi
1042 3542 1125 3606 male
1148 3537 1317 3605 intellectis
1340 3551 1493 3626 corrupta
1514 3562 1580 3606 cssc
1656 3527 1657 3544 ¹

477 3679 518 3723 ex
532 3658 622 3722 hisce
632 3657 749 3723 codR.
761 3659 875 3722 litteris
887 3647 1004 3737 necent
1034 3664 1177 3743 apparet
1221 3659 1311 3733 Quae
1338 3660 1371 3722 in
1399 3659 1427 3723 B
1456 3660 1580 3747 egregie

477 3776 645 3860 explentur
666 3776 778 3839 litteris
794 3781 924 3841 necrrodi
942 3798 978 3840 ao
990 3776 1212 3841 terminatione
1281 3790 1338 3858 tur,
1360 3779 1410 3841 cui
1433 3799 1531 3864 quum
1551 3777 1579 3840 in

477 3893 671 3958 deteriorum
693 3894 837 3958 codicum
856 3894 1030 3979 exemplari
1053 3917 1071 3957 e
1094 3896 1238 3979 proximo
1253 3896 1407 3958 vocabulo
1429 3917 1446 3958 s·
1469 3895 1579 3959 adhae-
1655 3981 1656 3984 Ἴ

477 4015 586 4090 sisset,
623 4011 821 4096 participium
854 4012 1061 4076 substitutum
1092 4021 1149 4078 est.
1194 4012 1244 4076 Ad
1266 4012 1409 4076 codicem
1440 4011 1578 4097 igiturB
1655 3986 1656 4007 Χ

477 4130 531 4196 hic
555 4149 683 4215 quoque
702 4129 903 4194 redeundum
926 4139 985 4195 est.
1028 4129 1066 4194 In
1087 4150 1150 4213 quo
1173 4129 1272 4194 haece
1293 4129 1462 4216 leguntur:

520 4253 587 4326 ipsa
609 4259 653 4310 est
674 4269 729 4310 aec
750 4253 998 4326 crediturarum

479 4365 626 4430 Romano
649 4366 734 4430 enim
757 4367 902 4451 scriptori
924 4367 957 4429 id
979 4368 1167 4451 praesertim
1189 4365 1396 4429 memorabile
1408 4367 1576 4440 videbatur,
1654 4337 1655 4368 ¹

480 4485 564 4565 quod
587 4481 871 4567 apud-Aeginetas
905 4505 968 4548 non
999 4484 1102 4547 numia
1130 4483 1295 4570 signandis
1323 4503 1379 4547 aes
1408 4481 1577 4546 inservierit

481 4598 538 4661 ssd
561 4599 705 4665 officinis.
748 4600 861 4685 Itaque
883 4601 915 4664 in
943 4600 1117 4686 archetypo
1144 4599 1262 4666 codicis
1284 4601 1312 4664 B
1337 4600 1489 4686 scriptum
1517 4607 1576 4664 crat
1653 4673 1654 4684 χ

482 4722 579 4778 increta
601 4721 669 4794 ipsa
690 4729 735 4779 est
754 4739 793 4779 ne
814 4722 895 4781 <ruod
914 4725 957 4782 e'tr'
977 4726 1119 4796 acuetur,
1143 4720 1189 4784 ita
1210 4726 1246 4783 ut
1267 4739 1349 4805 quae
1371 4718 1495 4783 Plinius
1516 4717 1575 4800 ipss
