3700 5625
471 563 514 635 30
940 562 1041 639 aa«
1057 563 1116 634 11.

412 784 455 851 38
950 750 1107 827 Ibidem.

521 901 645 1004 rapuit
678 909 716 977 et
748 900 788 978 in
820 898 950 977 Sicilia
981 899 1166 977 dimidiam
1186 898 1420 1001 ''l'yndarida
1453 906 1583 985 urbem

520 1038 594 1145 [ae
627 1036 851 1139 quidquid
884 1038 937 1112 ab
955 1029 1104 1112 'ltalia
1141 1034 1308 1141 deest}

469 1282 473 1289 Ι
554 1188 677 1255 Ultima
691 1189 797 1254 verba
816 1207 884 1253 non
896 1189 1056 1255 auderem
1068 1189 1102 1254 in
1117 1188 1345 1275 suspicionem
1359 1210 1496 1277 vocare,
1517 1192 1584 1258 nisi

468 1310 603 1377 abunde
623 1308 688 1374 iam
710 1318 869 1373 constare
889 1319 1055 1393 putarem,
1077 1328 1175 1396 quam
1196 1307 1339 1375 licenter
1348 1310 1381 1375 in
1394 1309 1461 1389 ‚hoc
1475 1318 1582 1397 opere

468 1424 718 1516 interpolatoris
742 1446 860 1491 manus
884 1439 1062 1512 grassatae
1090 1439 1216 1495 essent.
1265 1426 1375 1504 Quum
1397 1426 1481 1492 enim
1505 1448 1582 1495 eum

468 1548 619 1617 ordinem
641 1545 785 1610 tenuerit
806 1543 931 1610 Plinius
959 1554 994 1610 ut
1015 1545 1126 1635 §.tot
1152 1547 1194 1612 de
1214 1546 1331 1623 insulis
1348 1557 1467 1627 ,terrae
1488 1559 1582 1616 motu

467 1668 568 1736 sactis
596 1664 796 1753 disputaret,
825 1681 964 1748 quarum
992 1664 1147 1751 primam,
1176 1675 1213 1731 nt
1243 1664 1402 1748 decebat,
1433 1666 1581 1734 Siciliam

468 1779 757 1865 commemoravit,
786 1761 904 1846 deinde
926 1778 1054 1845 insulas
1076 1790 1188 1849 terrae
1207 1784 1338 1851 iunctas
1360 1796 1393 1851 et
1414 1796 1533 1863 terras¹
1546 1789 1580 1855 in

467 1916 571 1973 totum
593 1900 745 1970 sublatas
766 1910 978 1966 enumeraret
996 1898 1115 1981 §.205‚
1142 1901 1207 1969 iam
1234 1902 1333 1970 litora
1354 1926 1487 1992 qnoque
1509 1926 1580 1972 ma·

465 2026 514 2093 ris
534 2022 691 2090 violentia
712 2020 880 2087 imminuta
903 2029 984 2086 essa
1005 2031 1131 2099 narrat,
1153 2040 1174 2085 a
1196 2022 1315 2108 quibus
1335 2021 1457 2089 fretum
1480 2024 1579 2093 Siou-

466 2142 577 2212 enlum
596 2141 742 2208 alienum
763 2150 827 2207 est
868 2141 985 2227 ltaque
1014 2162 1089 2223 „ae
1108 2138 1304 2236 quemquem
1324 2144 1384 2211 rel,
1411 2154 1535 2230 postea
1555 2168 1579 2214 a

463 2263 600 2332 librario
622 2258 738 2327 addita
759 2278 838 2328 ease
859 2260 1019 2331 arbitror.
1142 2308 1145 2316 .

405 2430 448 2497 aa
883 2411 1176 2507 art=ar‚oa..

516 2570 656 2646 Omnes
690 2572 813 2641 autem
827 2566 832 2571 ’
846 2574 972 2641 aestus
1004 2564 1041 2639 in
1071 2586 1211 2641 oceano
1237 2565 1376 2641 maiora
1407 2566 1577 2667 integunt

515 2704 633 2808 spatia
645 2703 943 2813 inundantque
958 2727 1064 2802 quam
1079 2700 1117 2775 in
1130 2701 1274 2801 reliquo
1285 2694 1474 2799 marisive
1489 2704 1576 2806 quia

513 2854 630 2921 totum
644 2839 884 2952 universitate
905 2838 1105 2917 animosius
1131 2864 1239 2941 quam
1264 2849 1401 2940 parte
1425 2850 1483 2917 est
1509 2848 1572 2915 rel.

546 2995 692 3062 Primum
714 2992 849 3058 eoodd.
862 2991 940 3058 Aad
967 2990 1194 3077 reeipiendum
1216 3001 1269 3059 est
1290 2991 1484 3088 laudaretque
1504 3012 1573 3078 quo

461 3117 630 3211 recedens
641 3112 951 3190 aestusindieetur3
975 3110 1095 3177 deiude
1112 3108 1144 3175 in
1163 3109 1229 3178 line
1245 3129 1367 3178 sensus
1380 3110 1572 3198 legendum:

501 3237 582 3333 quio
603 3245 705 3301 lotum
725 3233 768 3297 in
786 3233 1002 3297 universitate
1022 3230 1200 3296 animosius
1224 3251 1324 3324 quam
1342 3237 1470 3317 partes
1489 3237 1548 3294 est.

545 3356 768 3440 opponuntur
790 3341 877 3419 emm
898 3360 1002 3432 totum
1025 3359 1060 3416 et
1086 3361 1202 3432 partes
1231 3351 1349 3436 quibus
1369 3348 1573 3416 universitas

459 3475 518 3541 ie.
540 3474 731 3540 universum
751 3466 1046 3554 (ell.§.12,lll.l)
1069 3475 1211 3532 constat.
1258 3466 1369 3553 Atque
1390 3466 1491 3533 talem
1514 3488 1573 3534 eo·

461 3593 535 3658 dex
557 3590 701 3676 optimus
726 3566 761 3656 A'
786 3588 897 3655 locum
916 3582 1084 3650 luculente
1109 3583 1262 3668 exhibet,
1292 3585 1356 3660 nisi
1384 3585 1473 3674 quod
1501 3584 1571 3652 levi

460 3730 575 3780 errore
596 3708 683 3777 siout
703 3707 822 3794 reliqui
843 3705 917 3777 libri
939 3715 1035 3794 porte
1055 3704 1202 3790 scripsit.
1298 3784 1303 3796 Ι

399 3888 443 3955 ro
637 3972 640 3977 Α
725 3970 730 3981 ,
877 3882 1221 3990 rra-:anoe'

399 4122 401 4125 ,
509 4020 755 4143 -quoniam
782 4037 883 4117 etin
910 4062 1069 4138 corpore
1098 4001 1272 4148 extrema·
1291 4008 1437 4144 pulsum
1459 4057 1568 4111 vena-

506 4202 591 4256 rum
618 4175 681 4281 [id
706 4184 776 4252 est
801 4171 1018 4279 spiritns]
1044 4171 1160 4274 magis
1183 4173 1357 4252 sentiunt.

462 4377 466 4386 .
541 4327 708 4414 „Spiritus
719 4327 884 4393 sandw‘
893 4324 1107 4413 appellantur
1119 4325 1266 4393 arterias
1284 4319 1425 4398 xtala,
1442 4321 1568 4408 quippe

455 4466 543 4536 quae
551 4444 709 4552 ,3vitalem
718 4448 888 4514 continent
901 4445 1076 4533 spiritum“
1086 4443 1242 4530 (italo),
1258 4443 1353 4510 enias
1363 4439 1432 4510 loai
1440 4459 1570 4508 memor

453 4565 675 4652 interpolator
693 4566 841 4654 ineptam
854 4565 1103 4637 annotationem
1124 4563 1186 4646 „id
1200 4569 1255 4632 ast
1266 4561 1432 4648 spiritus“
1444 4559 1507 4629 bl.
1518 4560 1568 4628 ln·
