3700 5625
716 560 817 627 Lilrer
838 561 879 629 V.
1310 568 1351 637 81

244 752 341 837 pteris
361 749 565 829 orationem,
586 760 622 815 nt
631 748 678 834 lit,
701 750 889 835 aproximo
910 748 1025 815 scriba
1047 762 1186 838 recepta
1200 764 1261 819 est.
1290 756 1353 823 he·

243 872 377 955 gendum
401 882 457 935 est
481 870 599 957 igitur:

277 990 385 1056 Mne.
407 990 501 1053 Dein
522 985 644 1053 Carice
664 984 782 1073 appetu
796 984 953 1066 nuum,
974 972 1171 1070 Eutherio,
1195 990 1352 1058 Helicon·

276 1129 385 1177 aaran

658 1257 930 1353 1rt=ao‚ar.
1371 1276 1433 1341 nr

287 1411 483 1514 Magnesia
504 1409 699 1485 Maeandri
719 1410 938 1511 cognomine
962 1412 1128 1513 insignis,
1149 1439 1170 1491 a
1190 1416 1352 1491 Theste-

285 1552 353 1627 lica
377 1545 577 1649 Magnesia
610 1560 691 1623 orta
723 1590 776 1604 -—
808 1548 931 1623 Antea
958 1549 1279 1628 Thessaloche
1314 1562 1354 1627 et

285 1684 565 1762 Androlitia
589 1684 783 1761 nominata.

314 1837 467 1922 Antiqua
483 1836 613 1901 urhium
623 1847 657 1901 et
674 1834 858 1901 insularum
870 1837 1005 1903 nomina
1021 1856 1040 1903 e
1056 1836 1262 1905 Callimacho
1280 1840 1353 1925 ple-

247 1976 369 2042 rumque
385 1955 489 2021 affert
503 1955 640 2034 Plinius,
661 1956 718 2020 vel
736 1955 892 2022 afahulis
910 1958 1103 2024 domesticis
1125 1958 1180 2024 vel
1196 1979 1216 2023 a
1235 1974 1353 2045 poeta·

247 2096 306 2139 rum
319 2072 404 2140 locis
416 2074 576 2158 repetitu.
603 2074 653 2139 lta
674 2072 734 2141 lnl.
759 2076 801 2141 ah
820 2074 948 2160 origine
971 2076 1150 2161 Magnesia
1170 2098 1238 2141 non
1255 2074 1352 2141 ihes-

249 2193 370 2272 seleche,
392 2213 486 2279 quae
498 2194 605 2259 forma
616 2194 708 2259 nulla
722 2208 786 2272 est,
798 2194 860 2259 sed
874 2192 1141 2262 Thessaliotis
1152 2194 1351 2282 appellatur.

251 2312 383 2379 Mterum
407 2334 535 2378 nomeu
556 2311 675 2377 Callini
698 2311 895 2397 fragmentis
921 2314 1113 2379 addendum
1133 2316 1265 2380 videtur
1282 2315 1352 2383 'Au-

252 2434 423 2520 tpote'rnpa,
433 2430 702 2496 Arrdrolr‘tiru
722 2431 857 2497 aPliuio
868 2434 970 2511 dieta,
992 2454 1058 2519 qno
1073 2432 1194 2499 bellum
1209 2443 1265 2500 ant
1280 2455 1354 2501 cum

252 2550 392 2619 Trerihus
416 2563 478 2617 aut
498 2571 572 2615 cum
594 2549 751 2635 Ephesiis
772 2562 903 2638 gestum
926 2550 1151 2636 significatur,
1173 2554 1216 2619 cl.
1232 2552 1350 2619 Conon

253 2672 332 2753 attt,
352 2668 752 2757 stranxtvpottsq„
773 2670 896 2735 Athen.
910 2670 1112 2757 xtt.p.525‚
1133 2672 1350 2757 Diogenen.

254 2789 332 2856 tltt
337 2816 387 2881 sq.
413 2791 568 2857 Eundem
592 2788 755 2856 Gallinam
778 2789 833 2856 vel
854 2790 1085 2857 Mimnermum
1107 2793 1218 2879 potius
1242 2790 1350 2878 (etti.

257 2908 299 2994 13)
311 2912 506 2999 Thyatiram
522 2910 719 2995 Euhippiam
739 2929 888 2974 vocasse
903 2914 1099 2997 putaverim.
1143 2893 1266 2977 lbidenr
1277 2931 1351 2976 cum

256 3025 406 3115 plerisque
443 3030 617 3095 codicibus
653 3032 708 3115 qui
734 3027 893 3117 Auorper
919 3030 975 3096 vel
1003 3033 1142 3120 Antoyes
1179 3029 1349 3108 exhibent,

256 3144 375 3237 Amorpe
394 3149 453 3216 vel
476 3151 640 3238 Amorytts
660 3149 813 3214 scribere
838 3149 959 3214 malim.
1003 3148 1092 3213 Fieri
1115 3148 1201 3214 enim
1221 3145 1351 3212 facilius

258 3268 344 3345 potnit
367 3279 421 3349 nt,
451 3269 540 3333 sicut
566 3269 708 3353 Ortygia
731 3281 765 3333 et
792 3265 902 3334 insula
934 3279 967 3333 et
988 3266 1114 3352 Ephesi
1141 3286 1222 3352 pars
1244 3285 1351 3331 voca-

259 3383 352 3469 hatnr,
379 3389 424 3452 ita
456 3389 556 3454 etiam
584 3388 724 3474 Amorgi
753 3385 937 3473 appellatio
961 3389 993 3452 iu
1026 3388 1249 3453 coutinentem
1276 3405 1350 3450 cunt
1418 3471 1422 3481 ι

260 3504 367 3569 accolis
393 3510 570 3594 migraret,
592 3527 690 3592 quam
717 3520 754 3571 nt
781 3527 801 3571 a
826 3506 1037 3592 Morgetihns
1063 3508 1096 3571 in
1120 3507 1204 3570 Asia
1228 3505 1351 3592 ignotis

259 3637 357 3688 nomeu
374 3627 564 3692 duceretur.
586 3627 695 3713 §.liz
718 3647 793 3691 cum
808 3625 877 3691 R¹a
898 3636 1050 3710 praestat
1068 3623 1215 3690 sortasse
1236 3623 1352 3710 legere

261 3735 424 3809 Honesta.

651 3896 941 3974 118=ihidem.
1373 3921 1435 3988 108

300 4049 489 4128 Amazone
511 4049 656 4127 condita
679 4094 732 4108 -
754 4051 930 4151 Zmyrna.

330 4199 375 4265 lta
399 4203 550 4288 Silligius
578 4223 663 4269 saue
696 4223 717 4268 e
743 4201 917 4267 codicibus
947 4219 1062 4264 verum
1095 4199 1240 4265 ablativo
1270 4219 1353 4265 usus

265 4310 345 4390 Mane
364 4322 524 4408 singulari
546 4343 643 4408 qoem
657 4319 762 4387 Plinio
784 4341 853 4386 nou
874 4318 1065 4384 inusitatum
1089 4337 1168 4386 esse
1191 4319 1354 4404 exemplis

267 4429 488 4510 thXXlll.3.
509 4439 619 4507 allatis
639 4442 863 4526 comprobare
881 4447 1033 4502 conatur.
1080 4437 1192 4524 Atque
1209 4435 1265 4502 illo
1286 4439 1355 4523 qni·

269 4541 328 4614 dem
346 4553 416 4624 locu
437 4573 529 4628 recte
550 4581 570 4627 e
593 4561 671 4628 cod.
689 4560 803 4624 Bamh.
826 4556 982 4642 scripsit:
1013 4577 1180 4648 qumque
1204 4563 1354 4643 penetru-

1122 4675 1144 4738 6
