3700 5625
704 559 892 632 etan
1290 565 1350 634 tot

245 745 391 834 reperiri:
423 745 624 833 optimorum
649 747 684 821 R
712 746 816 819 habet
839 745 950 818 matt·
969 747 1021 816 'l’d
1041 745 1181 837 (lyrein,
1210 763 1352 840 uterque

244 887 385 934 maneum
407 867 544 954 quidem
566 865 628 932 sed
648 866 695 933 ita
718 879 962 958 conparatum,
983 877 1021 934 ut
1039 869 1172 958 etquid
1190 869 1351 939 omissum

243 987 278 1052 ait
296 1007 315 1050 e
334 985 415 1052 loeo
440 987 541 1052 modo
563 986 700 1053 laudato
723 985 824 1052 iaeile
845 987 984 1072 intelligi
1007 998 1042 1053 et
1059 987 1235 1074 eproximi
1248 1009 1348 1055 voea-

243 1103 299 1170 buli
311 1103 405 1172 initio
426 1106 581 1194 suppleri
600 1106 719 1192 possit
737 1104 849 1192 Atque
865 1083 899 1172 id
915 1105 1049 1191 quidem
1061 1115 1184 1191 sponte
1195 1119 1350 1192 apparet,

242 1225 342 1308 primia
354 1225 482 1292 litteris
495 1225 643 1311 Syrtium
654 1225 798 1292 nominis
807 1225 983 1309 retugium
993 1224 1120 1292 inesse.
1147 1224 1223 1300 Quo
1236 1227 1349 1310 posito

242 1343 568 1429 aequemanil‘estnm
583 1344 789 1424 estulentis,
810 1347 938 1412 nmbsa
959 1344 1090 1430 quidem
1102 1355 1182 1410 anta
1193 1344 1220 1408 Ι
1231 1344 1350 1411 littera

242 1461 394 1529 simillima
413 1462 457 1547 Τ,
479 1463 626 1529 dativum
645 1461 700 1528 vel
719 1462 897 1530 ablativum
919 1483 1038 1531 oasam
1058 1463 1212 1530 indicari.
1252 1459 1349 1551 Sigla

242 1583 408 1670 archetypi
438 1583 556 1650 scriba
584 1582 802 1654 usitatissima
828 1581 939 1648 haeee
969 1581 1103 1648 videtur
1128 1602 1211 1649 usas
1240 1580 1348 1648 luisse

242 1697 362 1784 amrn’,
385 1704 480 1770 unde
500 1700 624 1768 laetum
646 1713 699 1768 eat
719 1701 900 1787 utsignum
915 1705 931 1740 ’
946 1723 1010 1790 pro
1030 1700 1144 1769 vooali
1164 1724 1184 1766 o
1205 1701 1347 1768 habere·

243 1831 294 1888 tnr.
332 1821 511 1888 llabemus
528 1821 628 1906 igitur
647 1819 793 1886 dativum
810 1817 974 1906 Syr-tubam,
996 1821 1052 1886 eni
1062 1823 1202 1888 verbnm
1213 1817 1347 1907 aliquod

245 1939 375 2006 additum
395 1939 509 2006 fuisse
532 1938 716 2024 putandum
744 1951 813 2019 eat,
839 1962 907 2028 qno
934 1939 1115 2008 similitudo
1143 1956 1230 2024 quae
1260 1936 1347 2002 inter

243 2077 320 2124 oran
341 2059 499 2128 Persidis
525 2069 559 2124 et
579 2057 701 2144 Syrtes
730 2058 943 2126 intercedere
961 2059 1155 2142 videbatur,
1179 2053 1346 2142 signifiea-

244 2189 327 2244 retur.
368 2178 586 2246 Adiectivum
614 2177 648 2242 id
675 2175 737 2244 luit
763 2197 838 2244 eum
868 2178 981 2244 dativo
1003 2179 1234 2254 eoniunetaar,
1255 2173 1346 2262 qaod

246 2293 308 2361 ideo
329 2298 457 2365 exeidit
477 2297 634 2384 quoniam
655 2317 731 2363 eum
751 2296 905 2381 proximo
924 2297 1093 2363 voeabula
1115 2293 1346 2362 eorriandeba·

247 2422 296 2478 tur.
334 2415 497 2506 Sequitur
517 2437 597 2484 vero
620 2425 704 2513 qaia,
731 2415 820 2482 unde
841 2415 934 2484 nulla
953 2414 1030 2482 iere
1052 2416 1234 2484 mutatione
1254 2415 1346 2480 inae·

248 2533 367 2600 rendum
395 2547 473 2603 estt
507 2557 603 2632 equo.
656 2534 804 2623 Aequari
826 2535 913 2602 enim
934 2547 1070 2621 poteret
1088 2535 1246 2621 Syrtibus
1268 2555 1346 2620 pro·

247 2659 347 2732 nterea
368 2657 467 2742 ,quod
494 2661 583 2736 κειᾞιι
610 2653 707 2738 entia
735 2655 822 2722 ἔστιν
852 2654 897 2722 ἐπ’
924 2653 1064 2741 ἑκάτερα
1087 2656 1145 2722 toti
1170 2654 1346 2742 πλεομένου

250 2769 340 2853 βαθὺς
360 2773 422 2843 καὶ
444 2771 852 2861 iteuidm,.nt1Neerehus
882 2779 973 2862 apud
994 2776 1173 2844 Arrianum
1194 2774 1275 2842 lnd.'
1288 2772 1343 2839 tl.

250 2888 393 2975 perhibet,
413 2916 527 2983 neque
548 2908 658 2961 tamen
681 2906 747 2959 tum
767 2892 837 2959 late
852 2896 1002 2978 petebat,
1025 2917 1131 2983 qnare
1152 2895 1346 2959 minorant

250 3004 376 3091 Syrtium
387 3015 468 3081 viee
478 3014 661 3081 interesse
674 3014 836 3101 dieitur.§.
846 3012 929 3095 lut,
947 3016 1045 3103 qnasi
1065 3016 1228 3081 minorem
1242 3032 1345 3099 quan·

252 3124 310 3191 itm
329 3130 478 3218 Syrtium
496 3133 645 3217 speeiem
669 3153 752 3217 urae
774 3153 815 3197 se
835 3130 951 3201 ferret
998 3131 1210 3199 Adiectivum
1231 3138 1344 3198 autern

253 3259 403 3334 „tequna“
426 3273 504 3319 eum
520 3252 631 3317 detine
647 3253 858 3318 ooniunutum
878 3252 1042 3318 interdum
1062 3252 1152 3318 idean
1171 3250 1343 3338 signifieat

253 3369 321 3446 quod
341 3377 469 3458 „par“,
488 3370 592 3439 veluti
612 3372 702 3457 apud
717 3371 871 3437 Ovidium
884 3370 1043 3438 Ponth.
1055 3374 1086 3439 7.
1099 3358 1152 3452 tl,
1174 3373 1344 3438 Senecam

254 3484 939 3577 enittqmsloaostaatatForoettinasn.
971 3491 1173 3559 ltave'rbum
1189 3512 1342 3578 aequare

253 3600 284 3665 ab
299 3606 366 3689 ipso
376 3608 487 3676 Plinio
501 3609 913 3697 usurpatanXXlV.iiS.
938 3611 998 3678 Sie
1017 3612 1119 3701 igitur
1138 3613 1343 3679 eonstituen·

255 3718 302 3789 dus
319 3740 369 3796 eat
393 3728 490 3795 loeus
510 3727 766 3797 vexatissimust

286 3894 372 3984 lieyin
402 3898 448 3963 ibi
471 3900 638 3965 maritima
665 3896 852 3987 Syrtibus
883 3922 1029 3996 erqua;
1065 3921 1131 3995 qua
1163 3918 1241 3962 vero
1271 3897 1343 3985 ipsa

289 4014 362 4082 tabit
381 4018 442 4087 rel.

634 4243 854 4356 1123-.;26,
870 4244 932 4319 30.
1363 4272 1424 4339 129

296 4404 379 4488 Sunt
412 4409 610 4489 etiamnum
650 4412 687 4489 in
713 4410 985 4514 Mesopotamia
1024 4409 1160 4511 oppida
1198 4408 1353 4509 Hippo-¹

297 4566 426 4646 renum,
453 4549 724 4629 Chaldaeorum
747 4548 916 4639 doctrina
941 4558 981 4625 et
1006 4546 1080 4623 hoe
1103 4544 1202 4623 sicut
1223 4544 1344 4643 Baby-
