3700 5625
699 590 801 660 Liber
817 592 898 661 ΠΙ.
1311 594 1355 661 41

256 779 438 867 scripserim
469 778 589 847 miscet
608 776 695 855 anim
715 798 779 865 pro
800 798 895 848 more
913 798 981 848 auc
1000 776 1155 876 diversas
1176 778 1219 847 de
1236 777 1357 848 horum

257 899 446 989 populorum
465 898 595 983 ungine
615 897 830 967 narrationes
854 908 888 965 et
902 899 1037 965 nomina
1051 898 1199 983 propria.
1224 896 1358 968 Deinde

258 1019 362 1088 inline
374 1018 532 1086 scribant
543 1014 673 1086 cod-A:
694 1016 827 1106 laepia
838 1016 973 1096 Arim,
993 1016 1048 1084 Rd
1064 1015 1196 1105 Iapipio
1207 1016 1358 1098 man,

258 1138 334 1205 unde
350 1137 447 1205 facili
469 1137 648 1209 mutatione
670 1133 796 1208 allicio:
821 1134 964 1225 Iapygio
985 1134 1094 1201 Acro
1114 1135 1192 1215 ioue,
1213 1154 1279 1223 quo
1300 1156 1357 1203 vo

257 1256 362 1325 cabulo
383 1252 567 1346 Graeco§
579 1254 647 1321 101).
667 1272 752 1321 aaut
772 1264 856 1321 erat.
896 1256 1052 1337 Amnem,
1076 1255 1132 1341 qui
1150 1256 1229 1323 olim
1249 1258 1356 1343 iapyx

257 1375 437 1445 abeadali
468 1373 537 1441 filio
564 1374 764 1453 vocabatur,
798 1392 887 1450 nuno
922 1375 1011 1459 (qua
1034 1374 1069 1441 vi
1098 1375 1166 1439 ium
1190 1378 1356 1447 interdum

258 1506 448 1580 usurpatur,
469 1475 747 1561 veluttx‘xxv.
763 1494 848 1579 init.)
869 1492 1020 1564 Paetiam
1040 1494 1209 1579 appellari
1226 1506 1355 1569 narrat.

257 1614 401 1701 iapygern
422 1623 539 1689 antem
556 1631 686 1680 amnem
704 1631 869 1700 nunqnam
892 1613 1148 1683 commemorari
1168 1616 1236 1683 iam
1255 1615 1357 1685 asil-

257 1730 321 1817 ligio
341 1734 700 1805 animadversumcst

661 1875 939 1981 131=19,2‘3.
1372 1896 1445 1963 58*

325 2038 439 2104 Locus
460 2036 601 2125 Eupilis,
622 2036 855 2103 terminatione
876 2038 933 2102 vix
955 2048 1044 2124 apta.
1065 2038 1204 2107 Videtur
1219 2050 1275 2105 aut
1288 2038 1357 2105 Eu·

257 2158 328 2244 ,tue
345 2169 403 2225 aut
424 2156 583 2245 Rupilius
604 2135 822 2224 ¹scribendam
848 2177 943 2237 esse,
970 2160 1059 2224 sicut
1080 2158 1215 2225 Larium
1237 2158 1356 2225 Sebin-

259 2299 321 2343 num
341 2278 486 2343 dixerat.
531 2271 759 2341 Confidentius
785 2278 883 2342 etiam
904 2277 932 2357 §.
946 2276 1017 2343 149.
1035 2276 1195 2343 Flamina
1211 2276 1318 2364 claro,
1339 2300 1358 2343 c

259 2396 415 2462 Dardanis
435 2395 580 2485 Manu,
601 2394 726 2484 Pingue
748 2407 813 2465 etc.
838 2390 915 2481 lego
936 2396 1096 2488 Morpus,
1118 2420 1217 2484 quum
1240 2409 1274 2464 et
1292 2396 1357 2463 Rd

260 2514 379 2581 narem
401 2514 563 2583 exhibeat
588 2526 622 2581 et
642 2515 811 2600 scriptura
834 2514 964 2581 codicis
985 2518 1018 2580 A
1044 2536 1063 2581 a
1085 2512 1181 2582 simili
1202 2516 1356 2583 termina-

259 2633 332 2699 tione
349 2632 510 2701 vocabuli
531 2634 762 2699 ontecedentis
783 2631 940 2719 profecta
960 2636 1109 2722 putanda
1129 2635 1182 2701 sit.
1216 2634 1356 2722 Margus

208 2822 209 2827 ἵ
262 2753 330 2818 enim
350 2754 475 2841 ubique
495 2750 684 2839 appellatur
705 2752 827 2820 ssumen
845 2754 1063 2821 notissimum.
1085 2755 1114 2844 ς.
1125 2752 1196 2820 138.
1207 2752 1356 2822 fortasse

208 2946 209 2957 χ
232 2878 236 2884 “
263 2869 366 2939 Plinius
387 2875 578 2958 scripserat
597 2872 637 2938 L.
659 2873 798 2938 Aemilio
820 2871 858 2940 0.
878 2873 995 2938 Attilio
1016 2845 1211 2956 consulibus,
1236 2875 1355 2963 quibus
1470 2935 1477 2942 .

208 3054 209 3059 ,
263 3011 342 3076 quum
362 2996 406 3061 ab
427 2991 670 3079 interpolatore
692 2993 892 3078 cognomina
913 2993 1132 3076 adderentur,
1154 2994 1281 3062 factum
1303 3012 1356 3064 est

262 3122 288 3175 ut
304 3113 424 3181 Paulus
447 3135 524 3180 cum
549 3114 641 3199 Papo
664 3111 936 3182 confunderetur.

640 3212 958 3345 rm=mmss
1191 3339 1195 3348 ,
1372 3258 1416 3326 m

366 3422 565 3504 praeterae
586 3406 786 3484 multarum
807 3401 994 3482 Graeciae
1017 3398 1237 3502 oppidorum
1264 3401 1356 3484 defi-

300 3538 396 3618 ciens
421 3539 604 3615 memoria
635 3564 707 3615 nee
736 3563 810 3615 non
829 3550 879 3614 'et
912 3537 1112 3614 civitatium
1138 3539 1354 3616 validarum.

297 3673 350 3751 Eo
373 3702 535 3777 nemque
560 3685 682 3752 tractu
702 3677 809 3751 inere
832 3675 1038 3771 Labeatae,
1065 3673 1265 3771 Enderini,
1288 3677 1356 3752 Sa·

302 3814 386 3910 saei,
411 3813 579 3891 Grabaei
600 3812 827 3914 proprieque
854 3811 943 3890 dicti
963 3812 1083 3913 Illyrii
1105 3823 1143 3888 et
1169 3813 1367 3888 Taulantii·

303 3961 337 4026 et
357 3950 515 4052 Pyraei.
566 3949 761 4026 Retinet
784 3974 919 4026 nomen
935 3949 985 4042 tin
1009 3973 1075 4026 ora
1094 3949 1355 4052 Nymphaeum

302 4085 600 4192 promontorium,
625 4085 777 4167 Lissum
808 4086 985 4187 oppidum
1012 4110 1077 4162 erc.

332 4238 405 4304 Duo
428 4250 507 4305 sunt
528 4259 616 4324 quae
641 4240 675 4304 in
696 4238 764 4309 hoc
793 4239 872 4306 loco
895 4249 963 4312 tam
985 4237 1070 4304 mule
1092 4258 1146 4304 me
1163 4237 1295 4322 *babent
1319 4248 1358 4306 ut

264 4370 367 4423 murm
386 4378 468 4430 esse
487 4377 622 4446 negem.
665 4359 751 4424 Nam
771 4359 884 4446 inepte
898 4359 1123 4444 promontorii
1145 4379 1268 4426 nomen
1286 4379 1358 4426 ser·

266 4486 360 4543 ratam
381 4479 446 4544 dici
467 4479 544 4566 quis
566 4488 621 4544 eat
640 4479 719 4565 quin
729 4478 866 4546 videat?
885 4478 1006 4544 Nonne
1019 4479 1242 4566 navigantium
1258 4499 1357 4568 quam

268 4597 392 4666 nonime
415 4599 592 4677 intererat,
619 4609 656 4664 ut
683 4597 902 4666 servaretur?
946 4595 1017 4663 Gur
1038 4597 1137 4685 igitur
1159 4599 1289 4669 dicetur
1310 4598 1356 4668 di·
