3700 5625
697 598 801 667 aaa
818 602 874 669 11.
1303 608 1346 677 23

205 751 206 768 ἵ
244 782 442 850 mobilitatem
462 780 640 869 legendnm
662 802 743 853 csse
760 799 868 855 ratus.
906 790 1018 857 Antea
1039 788 1231 879 legebatur,
1253 796 1344 882 quod

245 923 338 987 nuper
358 903 442 969 lano
464 900 604 987 placuit:
627 912 735 968 truces
754 906 904 971 excocti
924 909 1032 997 ripore
1052 907 1129 989 bns,
1151 910 1226 977 illas
1245 912 1343 979 mobi-

245 1022 321 1086 litcte
347 1019 480 1085 hebetes
512 1000 735 1109 eRhodigini
766 1026 910 1093 maxime
942 1029 1136 1094 coniectura
1153 1028 1251 1098 Lect.
1272 1042 1341 1099 ant.

243 1140 352 1220 ltili,
383 1140 441 1226 qui
471 1149 581 1204 tamen
608 1139 668 1204 bas
686 1150 720 1207 et
741 1140 816 1209 tttao
841 1131 932 1210 'male
960 1147 1140 1233 coniunxit.
1199 1146 1342 1217 Duobus

243 1262 314 1327 vitiis
331 1260 516 1326 etiamnum
536 1257 670 1325 laborat
689 1262 808 1327 oratio.
849 1264 895 1332 Et
906 1265 1047 1349 primurn
1060 1266 1193 1351 quidem
1208 1286 1341 1334 crurum

244 1381 393 1446 siccorum
414 1376 473 1443 vel
495 1396 689 1443 crassorum
708 1393 906 1465 argumento
936 1382 1020 1449 caeli
1046 1385 1140 1469 rigor
1161 1396 1220 1451 aut
1239 1386 1342 1473 ignea

242 1497 388 1563 mobilitas
408 1494 482 1579 (cll
490 1494 544 1562 vt.
556 1494 634 1581 187)
655 1518 723 1566 nou
741 1498 898 1582 babetur,
919 1503 981 1567 sed
1003 1504 1167 1589 proditur,
1190 1522 1296 1593 quare
1319 1526 1340 1573 e

242 1618 381 1683 librorum
399 1614 492 1681 Mss.
514 1614 665 1699 vestigiis

595 1732 788 1801 mobilitates
806 1734 963 1802 babentes

243 1850 388 1919 officiatur
418 1861 557 1938 oportet
585 1850 709 1919 lineola
733 1875 801 1942 qua
828 1856 1043 1922 accusativus
1075 1856 1338 1942 significabatur,

243 1972 387 2041 restitutas

518 2051 780 2120 mobilitatem
803 2058 1021 2145 sapientem

243 2172 340 2239 deinde
361 2173 482 2241 ultima
503 2176 609 2241 verba
631 2176 894 2262 transpositione
914 2178 1068 2243 sananda
1088 2187 1174 2244 sunt.
1205 2176 1291 2241 Nam
1304 2187 1338 2243 et
1410 2225 1413 2231 ,

243 2293 312 2376 apud
330 2294 525 2379 Aethiopas
547 2305 580 2358 et
601 2295 633 2358 in
654 2295 754 2360 terris
778 2296 821 2359 ad
848 2296 1110 2383 septentrionem
1128 2295 1202 2361 sitis
1222 2295 1337 2361 varias

242 2410 313 2478 ieras
331 2425 364 2479 et
384 2414 495 2479 miras
515 2393 674 2481 volucres
694 2416 785 2501 gigni
799 2425 917 2481 narrat
929 2408 1064 2496 Plinius,
1089 2434 1228 2503 quarum
1250 2433 1337 2501 quac

241 2528 543 2617 insultuHercyuio
556 2534 765 2617 proveniunt,
783 2534 828 2603 X.
842 2532 912 2599 132.
933 2534 1181 2601 describuntur.
1208 2534 1335 2607 Nostro

241 2667 302 2715 uero
320 2650 395 2717 loco
419 2650 647 2717 Germanicae
673 2649 771 2718 alites
795 2672 863 2718 nou
885 2663 1204 2733 commemorantur,
1234 2674 1335 2742 quum

242 2768 442 2857 Aethiopicae
471 2769 616 2839 molesta
636 2771 837 2857 repetitione
865 2773 917 2840 bis
941 2774 1162 2840 nominentur.
1196 2772 1334 2840 Falsum

243 2899 402 2978 utrumque.
457 2893 574 2977 ltaque
595 2890 719 2977 copula
745 2899 815 2957 ets
837 2891 972 2978 vulgata
993 2893 1171 2979 scriptura,
1192 2912 1334 2979 quacum

243 3012 429 3077 consentiunt
455 2983 557 3079 codd,
578 3009 845 3110 R¹a²,·servata
861 3011 1076 3078 scribendum
1099 3022 1168 3078 estc

270 3124 543 3220 bicqravesfcrcs
562 3137 599 3192 et
614 3129 655 3191 in
670 3127 815 3194 multas
829 3125 986 3220 figuras
1003 3130 1113 3219 pipini
1131 3128 1332 3211 volucres,

270 3246 327 3314 tlte
341 3252 458 3315 ocrim
471 3247 587 3338 effigies
600 3244 794 3312 animalium
812 3247 986 3335 provenire
1008 3248 1192 3310 etmcxime
1207 3246 1332 3324 alitum

630 3396 706 3476 198
719 3393 835 3489 282,
849 3393 912 3470 84.
1237 3477 1247 3491 ,
1347 3409 1390 3478 33

277 3531 517 3608 'latissimum
536 3544 596 3606 est
610 3557 693 3610 oum
707 3535 827 3614 vibrat
845 3530 1009 3631 (motans)
1025 3529 1211 3629 crispante
1231 3529 1331 3605 aedi·
1468 3615 1469 3620 Ἰ

276 3666 437 3776 liciorum
461 3669 606 3770 crepitu
633 3680 672 3748 ct
705 3697 789 3749 cum
814 3664 1026 3744 intumescit
1051 3665 1255 3766 adsurgens
1280 3667 1331 3742 ul·

276 3813 449 3906 toruoque
476 3816 578 3881 motu
601 3809 750 3904 residit,
782 3801 974 3883 innoxium
1003 3812 1042 3876 et
1068 3826 1152 3877 cum
1176 3825 1330 3877 concur·

277 3941 385 4017 nentia
422 3951 524 4017 tecta
552 3943 737 4021 contrario
772 3941 852 4020 ictu
885 3940 1059 4034 arietant,
1100 3937 1329 4042 [quoniam

278 4078 391 4154 alter
414 4088 569 4182 motus
597 4079 732 4176 alteri
760 4074 1017 4180 renititur}
1226 4063 1228 4067 ⁵

302 4227 421 4296 Exulet
443 4229 619 4302 molestum
629 4230 900 4309 additamentum,
919 4247 986 4315 quo
1007 4225 1230 4314 interpolator·
1246 4245 1328 4292 cau-

244 4358 295 4410 tant
317 4368 402 4432 qnae
427 4349 496 4417 iarn
525 4347 679 4417 ablativis
711 4349 860 4416 breviter
892 4347 1121 4434 significatur,
1159 4345 1331 4433 quomoda·

245 4475 324 4545 tupra
342 4467 498 4546 „darno
518 4466 618 4553 pulsu
632 4467 824 4537 renitente“
839 4468 1025 4547 dicebatur,
1045 4466 1178 4552 plenius
1198 4465 1328 4535 desem·

242 4573 304 4648 lure
321 4584 431 4655 noluit
475 4585 626 4662 tumtur
642 4587 751 4674 igitur·
764 4588 934 4655 sententia
953 4586 988 4654 in
1009 4605 1045 4658 v.
1067 4586 1222 4682 urietmtt.
