3700 5625
461 714 526 784 210
885 718 974 781 teta
987 712 1144 785 nnn.

380 963 442 1032 7³4
512 914 617 993 llons
661 916 799 992 hactus
923 915 1092 991 cadit-
1128 914 1276 1014 fragore
1315 914 1378 1014 qui
1423 916 1568 1015 concipi

512 1047 672 1125 humana
698 1056 821 1124 mente
848 1070 922 1125 non
949 1048 1067 1147 possit
1093 1070 1188 1145 eque
1219 1046 1342 1124 elilatu
1361 1046 1568 1124 incredibili

516 1187 686 1281 spectant
712 1181 873 1258 victores
899 1180 1039 1255 ruinam
1066 1186 1229 1256 naturae.

545 1314 588 1377 Et
609 1311 769 1397 fragorem
803 1318 836 1377 at
864 1312 947 1377 aeris
976 1311 1118 1377 silletum
1149 1310 1466 1376 vehementissimum
1498 1333 1569 1377 esse

464 1429 610 1495 traditur.
653 1432 764 1516 ltaque
785 1450 803 1494 e
825 1428 916 1496 codd.
940 1428 1014 1493 VR
1040 1428 1226 1496 restituatur
1258 1432 1384 1515 oportet
1416 1428 1504 1515 quod
1529 1450 1570 1493 ex

464 1553 556 1635 parte
575 1546 638 1611 iam
662 1546 757 1631 vulgo
779 1554 855 1611 ante
877 1545 943 1611 Sill.
967 1544 1148 1631 legabatur:
1192 1566 1252 1610 non
1272 1552 1376 1626 parete.
1411 1567 1508 1629 aenne
1528 1552 1570 1625 es-

462 1670 538 1744 flata
559 1668 741 1728 incredibili:
761 1674 900 1743 spectant
920 1701 957 1711 —-
981 1674 1120 1727 naturae.

381 1846 443 1917 735
499 1894 502 1899 ,
887 1815 1146 1893 75=ibidem

511 1948 645 2025 Vitium
672 1946 822 2025 lavandi
848 1955 884 2025 et
910 1948 942 2025 si
968 1946 1088 2025 lluens
1111 1948 1227 2025 amnis
1255 1947 1371 2027 lutum
1388 1946 1570 2045 importet

522 2153 526 2163 ¹
548 2081 752 2167 Vanaque
774 2080 939 2166 coniungit
960 2079 1133 2166 quidquem
1155 2100 1259 2166 neque
1282 2083 1456 2164 comparat.
1488 2078 1572 2141 Scri-

454 2192 559 2263 'batur
580 2204 721 2295 oportet:
772 2203 802 2263 V.
825 2203 844 2261 l.
866 2209 923 2263 eat
943 2205 972 2263 er·
992 2198 1048 2265 rol.

382 2349 444 2422 73ss
584 2351 588 2361 ·
779 2320 995 2405 852435.
1035 2314 1103 2407 (de
1131 2319 1256 2406 auro).

515 2490 562 2503 -
589 2471 637 2523 ex
663 2447 773 2525 melle
809 2471 898 2525 vero
927 2447 1124 2524 decoctum
1164 2470 1247 2525 cum
1275 2443 1476 2522 melanthio
1503 2442 1575 2519 illi-

516 2585 592 2655 tum
619 2578 792 2658 umbilico
820 2579 951 2656 leviter
976 2579 1088 2658 solvit
1115 2578 1248 2657 alvum.
1668 2634 1669 2637 a

548 2711 621 2776 Non
642 2719 744 2778 leniter
765 2710 822 2777 sed
844 2718 986 2778 leniter
1008 2714 1098 2777 alvus
1120 2712 1254 2778 solvitur
1279 2711 1337 2791 (ct.
1348 2708 1488 2776 XXXII.
1501 2710 1576 2795 64),
1668 2700 1669 2703 ¹

466 2836 563 2916 atque
586 2832 632 2895 sic
653 2831 750 2896 habet
771 2831 807 2896 Β.

383 2990 444 3061 737
708 2956 924 3040 90:527.
956 2949 1025 3043 (do
1053 2946 1324 3048 chrysocolla).

277 3081 281 3088 ’
514 3080 667 3157 indocta
693 3081 865 3182 opificum
890 3082 999 3159 turba
1024 3083 1140 3160 tribus
1168 3104 1249 3158 eam
1266 3081 1469 3180 generibus
1496 3080 1574 3156 dis-

515 3196 668 3313 tinguit,
709 3237 879 3314 asperam
919 3236 1014 3314 quae
1056 3222 1200 3291 taxatur
1238 3214 1275 3289 in
1314 3213 1424 3290 libras
1464 3211 1572 3302 Xvu,

514 3345 674 3422 mediam
700 3368 795 3446 quae
822 3346 905 3437 XV,
949 3345 1102 3424 attritam
1122 3369 1252 3445 onam
1286 3352 1323 3422 et
1346 3345 1572 3423 herbaceam
1667 3385 1668 3390 Ν

516 3484 653 3555 vocant
679 3479 775 3556 Xrn.
827 3478 1026 3557 Sublinunt
1052 3486 1173 3557 autem
1205 3477 1425 3556 harenosum
1452 3477 1573 3578 prius-

514 3634 623 3710 quam
649 3611 827 3686 inducant
853 3619 1055 3689 atramento
1084 3621 1119 3689 et
1136 3611 1360 3711 paraetonio.

519 3743 603 3807 Num
626 3741 786 3807 harenosa
802 3750 926 3808 tantum
951 3749 1083 3807 utuntur
1105 3742 1235 3829 opifices
1258 3764 1301 3808 sc.
1325 3748 1439 3827 quarto
1463 3741 1573 3804 nescio

465 3881 528 3946 quo
551 3859 768 3945 chrysocollae
790 3880 908 3945 genere
932 3861 1021 3924 cuius
1050 3861 1171 3924 nullum
1194 3861 1323 3925 omniuo
1346 3859 1484 3944 pretium
1508 3865 1571 3922 tra·

464 3978 583 4042 datur?
625 3977 726 4041 immo
750 3998 814 4040 una
836 3997 853 4040 e
876 3979 978 4041 tribus
1009 3979 1071 4042 illis
1096 3978 1266 4063 generibus
1289 3976 1450 4042 harenosa
1472 3976 1571 4040 luisse
1666 4063 1667 4074 ἵ

464 4089 609 4180 putanda
630 4102 689 4175 est,
712 4113 816 4179 eaque
837 4112 876 4158 eo
898 4095 970 4160 loco
992 4097 1150 4159 inseratur
1168 4099 1304 4180 oportet,
1326 4093 1381 4157 ubi
1403 4099 1568 4178 peccatum

451 4213 496 4300 iu
518 4211 692 4298 archetypo
714 4211 814 4276 fnisse
845 4211 907 4276 hac
929 4212 1097 4276 codicisB
1129 4213 1266 4277 lectione
1295 4231 1368 4290 nepe
1401 4231 1481 4290 quoe
1511 4231 1569 4274 ma·

465 4341 592 4392 tonatur
612 4328 780 4394 indicetur.
807 4330 921 4414 ltaque
943 4331 1138 4413 transposita
1158 4329 1233 4394 illuc
1256 4348 1334 4416 uoce
1357 4327 1568 4409 ,harenosam‘

463 4446 554 4533 lego:

506 4583 644 4642 asperam
668 4564 848 4626 harenosum
870 4599 906 4608 -
932 4566 1093 4628 sublinunt
1120 4573 1217 4628 numan
1236 4569 1412 4642 pernequam
1434 4563 1488 4630 rel.

547 4679 575 4761 §.
595 4677 636 4746 93
657 4686 828 4740 santernam
856 4691 964 4742 nocant
986 4685 1082 4743 nostri
1108 4679 1276 4766 legebatur
1304 4683 1379 4743 anto
1402 4679 1564 4764 Silligium,
