3700 5625
661 819 666 828 ,
703 751 793 814 riter
814 750 939 814 XVIII.
1328 743 1369 815 63

277 945 375 1016 oiuu.
415 941 459 1020 ut
479 943 616 1029 primum
643 940 772 1027 quiden
804 941 950 1014 aodioum
970 941 1140 1018 looiionem
1165 946 1370 1020 interposuere·

236 1140 241 1146 ,
277 1056 387 1140 eeneii
411 1060 524 1141 muer,
561 1058 679 1146 optime
707 1079 727 1136 a
757 1059 906 1130 Pintieno
936 1063 1120 1123 eorreotem.
1165 1055 1257 1131 Quod
1285 1057 1369 1128 onim

278 1179 348 1241 Ooto
368 1197 415 1261 op.
438 1175 481 1241 50
502 1177 599 1257 ‚fioos‘
622 1176 667 1240 eii
689 1177 916 1261 ,interpotato‘,
937 1174 1039 1239 Plinio
1060 1175 1370 1247 neeessarioemen-

278 1293 395 1357 unone
415 1297 593 1371 interpetati
614 1291 767 1357 redditur.
810 1291 893 1356 Tum
914 1313 979 1356 non
1011 1292 1130 1356 efleiu
1158 1290 1286 1357 favonio
1314 1289 1370 1353 de-

276 1408 453 1491 fenduntur,
486 1406 545 1473 sed
589 1407 654 1489 ,ubi
685 1407 833 1472 favonius
866 1409 944 1473 flere
977 1409 1099 1492 eoepit,
1134 1409 1380 1488 stereorenturf·

277 1527 433 1593 Postremo
465 1530 590 1589 mutate
627 1531 787 1589 structura
818 1531 946 1604 incipias
973 1531 1006 1589 et
1032 1537 1137 1608 arato,
1170 1524 1216 1588 ite
1246 1530 1282 1587 ui
1304 1522 1370 1586 Sili.

277 1642 363 1707 Plinii
393 1641 494 1707 verbe
514 1641 657 1722 refinxit,
692 1662 754 1731 quo
776 1640 956 1707 referentur
986 1661 1050 1706 non
1072 1640 1210 1722 hebent,
1241 1648 1372 1724 recepte

277 1759 386 1824 eodiois
406 1779 427 1823 a
447 1759 585 1824 lectione
607 1748 742 1838 idemque
763 1779 806 1822 so.
821 1755 912 1839 ‚Ceto
927 1759 982 1823 eit‘
1004 1757 1124 1844 optime
1144 1756 1371 1846 intelliguntur.

277 1874 355 1938 iunii
375 1874 461 1958 enim
497 1875 626 1962 saepius
653 1876 721 1940 iere
741 1875 793 1956 fit,
827 1895 922 1960 quem
949 1881 985 1940 ut
1015 1875 1205 1961 insequente
1234 1874 1372 1936 auctoris

279 1993 402 2058 alieuius
427 1992 588 2057 sententie
608 1992 707 2057 verbe
731 1992 857 2056 dioendi
886 1993 1090 2075 omittentur,
1113 1991 1153 2057 oi.
1176 1988 1373 2084 Greeberger

279 2131 303 2194 p.
325 2112 373 2178 17.
394 2108 584 2195 [regendum
607 2116 657 2173 est
673 2109 785 2195 igitur:
1118 2105 1125 2122 '
1291 2117 1297 2124 ’

316 2234 386 2294 Orto
408 2250 435 2292 u.
458 2247 486 2292 o.
507 2248 532 2291 s.
555 2233 589 2292 d:
610 2250 635 2291 e.
657 2231 681 2306 fi
703 2233 887 2307 seminariis,
908 2247 935 2289 u.
954 2247 996 2306 μ,
1020 2232 1036 2291 i.
1060 2232 1077 2290 l.
1101 2247 1127 2290 o.
1150 2246 1174 2291 e.
1197 2247 1226 2290 u.
1248 2215 1321 2304 uss.
1339 2247 1372 2310 p.

315 2367 342 2410 o.
362 2369 403 2428 a,
434 2357 528 2429 prato
548 2351 714 2410 stercorari
734 2352 804 2409 luuu
825 2350 941 2409 sitiente
962 2365 1038 2423 quae
1055 2351 1145 2422 ripun
1166 2363 1226 2410 nou
1248 2357 1333 2407 erunt
1354 2366 1373 2408 u

312 2470 386 2542 flatu
403 2468 531 2542 fauonii,
553 2467 685 2544 nsandi,
701 2484 747 2546 μ,
768 2466 797 2526 it.
818 2483 856 2526 m.
877 2485 903 2525 r.
927 2483 962 2539 a,
983 2465 1006 2537 ί
1027 2468 1222 2540 interpretari,
1257 2483 1281 2527 s.
1301 2464 1326 2538 f.
1347 2482 1372 2528 e.

314 2605 339 2649 o.
360 2605 392 2658 s;
413 2586 445 2647 it.
467 2603 498 2645 a.
520 2602 547 2645 u.
566 2587 592 2658 s.
613 2587 756 2662 incipias3
779 2585 923 2660 idemque.

681 2769 754 2842 247
779 2793 819 2844 a
844 2769 967 2857 nese.
1095 2780 1097 2784 ¹
1394 2814 1457 2884 368

322 2900 415 2977 XIV.
455 2898 602 2978 kalend.
643 2896 756 2974 Maias
790 2898 970 2999 Aegypto
1008 2897 1161 2975 suculae
1200 2898 1374 2976 ooeidnnt

322 3033 478 3134 vesperi,
521 3031 625 3109 sidus
650 3030 856 3108 vehemens
883 3036 919 3106 ei
946 3037 1043 3105 terre
1068 3032 1233 3129 merique
1260 3031 1374 3109 turbi-

323 3165 416 3257 dum,
444 3162 540 3241 XVl.
566 3164 727 3254 Atticae,
754 3162 829 3253 XV.
849 3162 1008 3254 Caesari,
1036 3162 1210 3240 continuo
1238 3166 1374 3263 quatri·
1417 3212 1440 3255 3*

289 3328 293 3333 ·
322 3298 392 3388 duo
418 3295 640 3396 seruet,
666 3295 846 3395 esseae
874 3301 995 3383 anun
1009 3292 1089 3377 Xll.
1116 3292 1264 3377 kalend.
1291 3294 1371 3381 Mai.

354 3429 475 3508 Ultima
507 3427 606 3508 rerba
637 3448 743 3521 oeque
769 3427 811 3496 nd
837 3426 1057 3528 praedicaturo
1085 3432 1228 3501 oeeiduut
1263 3426 1374 3500 referri

275 3548 427 3629 porticula
444 3557 541 3610 autem
558 3545 766 3610 demonstret.
788 3545 902 3628 Itaque
919 3564 1002 3629 qnee
1016 3544 1194 3630 legitimum
1206 3544 1374 3618 verborum

283 3662 415 3729 ordinem
436 3661 639 3750 interrumpit
665 3662 750 3727 linea
772 3661 901 3727 XXVII
922 3662 1102 3727 litterarum
1130 3683 1187 3727 suo
1209 3662 1280 3728 loeo
1301 3662 1373 3726 red·
1474 3706 1476 3709 -

283 3778 381 3865 deiru,
402 3801 477 3846 oum
497 3782 637 3867 legetur:

316 3920 337 3961 s.
358 3921 383 3963 u.
405 3912 434 3964 et
454 3911 537 3963 terra
559 3905 695 3977 murique
716 3902 864 3962 turbidum
885 3904 1025 3961 contiuuo
1044 3902 1205 3977 quatriduo
1227 3902 1376 3974 sipuifirut

284 4015 424 4104 singulari
447 4037 580 4081 numero
616 4014 748 4081 eoodd.
770 4020 917 4101 recepto,
947 4022 1044 4098 eique
1066 4033 1101 4077 re
1134 4034 1211 4077 vere
1230 4013 1286 4078 Xl.
1310 4014 1374 4077 kal.

285 4128 348 4197 Μαί.
368 4135 522 4210 serenitas
544 4133 635 4199 reddi
665 4133 780 4197 dieitur
800 4133 948 4218 proxime
970 4132 1141 4205 sententie,
1169 4130 1256 4195 houd
1279 4130 1374 4195 dubie

285 4251 389 4317 alano
412 4273 430 4317 e
452 4251 545 4318 oodd.
563 4257 650 4316 reete
672 4251 855 4316 constituta
881 4255 895 4280 ⁸

637 4482 642 4486 .
678 4423 750 4497 249
776 4438 813 4474 ³2
842 4422 962 4507 euno.

328 4550 488 4640 dedecus
513 4594 556 4618 π
581 4551 738 4628 hebetur
769 4548 1082 4650 opprobriumque
1115 4547 1284 4625 meritum
1309 4506 1375 4623 iei-

328 4701 402 4761 oen
426 4687 474 4763 ab'
497 4684 561 4762 iiie
578 4682 732 4762 voluere
763 4681 957 4777 (eueulunr
984 4682 1092 4776 dicit)
1128 4682 1164 4757 in
1205 4682 1279 4758 vite
1309 4682 1375 4759 de·

1396 4490 1458 4559 369
