3700 5625
486 573 551 640 170
938 577 1040 646 b‘lrer
1059 577 1150 646 ΧΠ.

486 760 584 830 ouon
612 761 723 849 imago
746 762 916 832 aviditatis
942 766 1133 854 quaedum
1159 766 1290 854 appetit
1317 769 1458 837 esuriat.
1505 765 1595 834 llaud

485 882 583 948 dubie
611 882 734 950 collato
761 885 836 952 loco
864 885 968 953 xxn
999 887 1073 954 113.
1102 889 1183 974 quid
1211 889 1427 956 scribendum
1457 889 1517 972 sit,
1543 908 1594 971 pa·

484 999 549 1066 lam
572 1001 638 1069 liet.
682 1004 778 1070 Sicut
797 1007 884 1070 enim
902 1005 947 1070 ibi
970 1004 1090 1090 legitur
1117 1007 1323 1090 „appetendi
1339 1006 1487 1072 aviditas
1504 1007 1595 1090 oibi“‚

484 1122 530 1188 lta
552 1121 607 1187 hic
629 1119 807 1209 legendum
830 1137 884 1190 est
905 1125 941 1187 in
952 1124 1126 1212 appetendi
1137 1123 1296 1190 auiditate
1316 1147 1368 1190 se.
1388 1123 1492 1203 cibos,
1516 1145 1595 1211 quae

482 1261 551 1306 vox
573 1262 672 1326 qurnn
695 1243 793 1307 modo
816 1239 947 1328 prolata
968 1242 1021 1321 sit,
1042 1241 1142 1308 facile
1163 1241 1430 1328 subintelligitur.
1474 1242 1595 1308 Littera

484 1379 505 1420 n
522 1359 554 1423 in
568 1357 754 1448 archetypo
766 1359 930 1426 falsosuit
950 1357 1129 1448 duplicata,
1152 1361 1166 1426 i
1186 1363 1350 1448 proximis
1367 1362 1405 1427 ui
1423 1364 1594 1452 absorpta.

402 1547 465 1614 215
924 1529 1025 1604 so:
1041 1529 1079 1627 e,
1096 1530 1158 1607 18.

531 1721 583 1734 -
595 1677 646 1754 ibi
668 1689 706 1754 et
721 1679 847 1757 frutex
864 1681 1042 1782 pestilens
1060 1683 1226 1785 raphani,
1245 1682 1461 1780 tolonen,
1482 1684 1593 1760 odore

533 1838 650 1914 equos
671 1813 847 1892 invitante
874 1824 936 1889 rel.

561 1984 831 2071 Theophrastum
861 1988 1012 2073 sequitur
1034 1987 1177 2066 Plinius,
1203 2008 1225 2055 e
1251 1990 1348 2056 cuius
1368 1990 1488 2056 verbis
1511 1987 1592 2054 llist.

478 2101 582 2189 plant.
596 2102 651 2171 lV.
662 2104 691 2171 4.
703 2105 752 2171 19.
766 2097 862 2172 ”Atto
883 2102 916 2173 di
930 2100 1040 2193 ῧλημα
1060 2105 1202 2194 με’γεβος
1219 2103 1280 2192 μὲν
1301 2105 1413 2190 ἡλίκον
1435 2107 1592 2194 ῥάφανος,

478 2225 511 2292 τὸ
535 2223 568 2294 dl
588 2224 712 2310 φύλλον
733 2221 846 2317 ὅμοιον
867 2225 977 2313 dolqu
995 2226 1056 2291 rel.
1074 2236 1169 2292 recte
1185 2226 1333 2312 Silligius
1354 2224 1484 2312 aliquid
1507 2225 1590 2292 exci-

478 2344 570 2410 disse
600 2344 743 2430 collegit.
792 2344 904 2410 Possit
933 2343 1066 2430 quidem
1091 2364 1110 2408 e
1133 2342 1165 2430 §.
1179 2342 1229 2409 35.
1251 2344 1484 2432 mpositudine
1503 2345 1590 2422 addi,

477 2487 592 2534 verum
606 2476 757 2552 praestat
769 2486 788 2532 e
800 2485 900 2532 versu
913 2465 1065 2550 proximo
1075 2465 1251 2550 superiore
1262 2475 1420 2550 repetere
1433 2462 1589 2531 sinaitis.

396 2674 459 2740 ‘alti
922 2649 972 2724 37
988 2679 1027 2716 =
1041 2649 1079 2744 9,
1091 2649 1154 2724 20.

602 2803 716 2879 rubro
732 2801 836 2898 mari,
864 2802 962 2905 quod
984 2800 1048 2879 ibi
1068 2799 1265 2879 Persicum
1287 2770 1504 2880 vocavimus
1528 2807 1585 2876 rel.

555 2953 696 3019 Factum
717 2952 783 3020 hoc
804 2966 857 3021 est
875 2953 1134 3023 v1.·tt.et108.
1155 2952 1282 3021 Verum
1303 2975 1404 3041 quum
1425 2952 1495 3022 alio
1518 2965 1585 3021 tau·

472 3086 539 3140 tum
567 3073 646 3141 loco
675 3093 759 3139 ase
784 3074 826 3139 de
855 3075 931 3139 sinu
958 3074 1095 3140 Persico
1130 3074 1330 3158 disputatum
1363 3094 1442 3140 esse
1474 3076 1584 3141 tradat

471 3194 608 3280 Plinius,
631 3205 773 3280 apparet
794 3215 914 3262 vocem
941 3193 1093 3282 ibiquae
1113 3196 1158 3261 ad
1180 3192 1302 3260 nullam
1324 3194 1358 3257 iu
1378 3194 1583 3259 anteceden-

469 3314 557 3380 tibus
581 3314 701 3379 reserri
723 3314 841 3399 possit,
862 3335 923 3399 pro
945 3323 1106 3398 corrupta
1123 3312 1314 3377 habendam
1326 3331 1417 3378 esse.
1445 3312 1582 3378 Scilicet

439 3417 441 3423 ’
468 3432 560 3497 initio
585 3429 741 3497 vocabuli
767 3432 858 3517 quod
884 3427 1095 3499 intercidisse
1123 3429 1305 3517 putandum
1327 3442 1397 3516 est,
1428 3434 1581 3499 restituto

469 3571 557 3637 opus
580 3560 634 3617 est
654 3562 690 3615 ut
710 3547 862 3633 legatur:

974 3628 1078 3697 olibi.

388 3850 451 3914 217
716 3886 719 3893 ,
788 3892 791 3901 ,
895 3835 1153 3931 lde-:1237-

385 4019 388 4027 ·
518 3992 615 4067 Sunt
638 3992 700 4092 qui
723 3991 873 4067 herbum
894 3988 933 4064 in
957 3991 1097 4088 Cypro,
1119 4012 1263 4089 exque
1287 3987 1325 4063 id
1348 3980 1577 4089 (ladonam)

516 4128 578 4223 fit,
607 4130 728 4204 ledam
755 4130 960 4229 appellant3
991 4125 1127 4201 etenim
1148 4124 1200 4199 illi
1227 4124 1400 4201 ledanum
1426 4140 1575 4217 vocant3

514 4264 646 4339 huius
677 4264 811 4365 pingue
840 4262 1003 4338 insidere
1034 4260 1158 4361 itaque
1191 4258 1357 4335 attractis
1391 4262 1575 4358 funiculis,

514 4398 667 4475 herbam
688 4424 769 4475 eam
791 4395 957 4475 convolvi
981 4406 1091 4496 atque
1116 4394 1167 4471 ita
1189 4394 1281 4471 offas
1301 4395 1398 4471 lieri.

548 4568 662 4637 Variis
683 4567 791 4637 locutu
813 4568 990 4639 manifesto
1003 4567 1416 4656 corruptnmcouiecturis
1425 4566 1575 4637 vvuu.
