3700 5625
488 720 531 794 Ἃ
939 723 1030 788 Liber
1050 724 1140 788 XVI.
1231 719 1234 726 ⁴

570 919 622 986 De
643 917 815 1004 generibus
837 917 1023 984 animalium
1046 918 1176 984 arbores
1204 917 1425 988 infestantium
1446 921 1576 1007 loquitu,

488 1036 645 1124 equibus
672 1042 843 1122 postquam
871 1034 1032 1102 teredines
1073 1036 1290 1120 (mundissimo
1325 1059 1382 1124 pro
1417 1045 1576 1116 praesumo

488 1156 593 1240 eapite
615 1160 704 1219 reete
725 1131 953 1240 Dalsoampius
984 1173 1002 1218 e
1024 1153 1186 1240 Theophr.
1208 1154 1247 1220 V.
1270 1157 1300 1222 4.
1323 1157 1343 1224 4
1371 1157 1523 1235 restituit)
1544 1157 1575 1222 ti·

486 1292 580 1353 neas,
612 1270 733 1356 thripas
766 1271 1043 1354 eommemorevit,
1071 1276 1219 1358 quartum
1244 1271 1410 1344 describit:
1454 1249 1496 1338 est
1519 1287 1543 1338 et
1559 1249 1577 1339 ἰ

486 1389 555 1455 eod.
579 1388 599 1452 d
620 1388 718 1453 habet
736 1409 793 1471 per
811 1387 1071 1474 dittographiam,
1094 1399 1160 1452 oet
1182 1411 1211 1471 α,
1234 1389 1320 1455 uude
1341 1390 1478 1456 efficitur
1498 1405 1537 1456 est
1555 1414 1576 1474 e,

486 1505 603 1571 deinde
624 1504 757 1571 verbum
776 1513 937 1585 portantur
957 1505 998 1570 ad
1019 1506 1156 1591 priorem
1188 1527 1299 1572 vooem
1322 1514 1375 1572 ulti
1396 1530 1440 1574 ex
1461 1511 1576 1576 alterius

485 1623 899 1690 vieiuitste‘retrehendum
922 1630 981 1690 est.
1029 1663 1031 1668 ·

404 1787 474 1855 294.
885 1784 955 1858 221
984 1801 1025 1834 =
1052 1783 1108 1870 m,
1133 1783 1192 1857 80.

515 1909 741 1988 Alexandri
778 1912 901 2014 magni
942 1912 1096 1990 comites
1137 1913 1381 2014 prodiderunt
1419 1916 1456 1993 in
1490 1889 1577 2019 'Tylo

424 2123 431 2134 ,
532 2045 632 2124 rubri
657 2045 767 2122 maris
793 2045 915 2122 insula
941 2046 1093 2124 arbores
1115 2069 1210 2137 esse,
1239 2071 1284 2125 ex
1313 2048 1448 2158 quibus
1474 2076 1578 2130 naves

418 2170 421 2177 ’
533 2180 663 2257 tierent
697 2202 789 2278 quas
824 2178 881 2258 CC
916 2179 1023 2257 annis
1063 2179 1238 2256 durantes
1276 2181 1449 2260 inventes
1487 2195 1521 2262 ot
1554 2185 1579 2262 si

533 2318 788 2416 mergerentur
826 2305 1077 2412 incorruptam
1123 2311 1161 2388 in
1212 2314 1343 2392 eadem
1392 2339 1478 2392 esse
1515 2317 1579 2393 lm·

534 2443 643 2520 tieem
669 2442 735 2520 rel.
858 2500 862 2511 .

526 2575 767 2662 Theophrastus
781 2579 816 2640 V.
839 2577 869 2642 4.
891 2576 931 2645 7:
954 2572 991 2642 ἐν
1015 2576 1109 2666 Tritos
1133 2624 1142 2644 .
1166 2625 1173 2642 .
1196 2623 1204 2642 .
1227 2575 1316 2644 εἶναί
1330 2585 1364 2645 τί
1384 2601 1469 2665 φασι
1490 2582 1580 2659 ξύλον

485 2691 522 2774 ἐξ
544 2694 582 2762 αὖ
605 2695 647 2759 τὰ
668 2696 771 2760 πλοῖα
793 2698 1052 2778 νανπηνοῦνιαι·
1075 2700 1174 2761 ταῦτα
1196 2695 1234 2760 δὲ
1258 2691 1296 2764 ἐν
1316 2699 1378 2780 μὲν
1394 2702 1432 2788 τῇ
1454 2697 1579 2764 θαλάτ-

484 2841 523 2904 τῃ
539 2813 658 2897 σχεδὸν
670 2811 823 2899 ἄσηπτον
837 2809 940 2878 εἶναι·
964 2811 1115 2897 διαμένει
1128 2814 1191 2903 γὰρ
1204 2810 1258 2901 ἔτι]
1272 2816 1375 2883 πλείω
1398 2813 1417 2899 ἢ
1431 2814 1579 2882 διακόσια

484 2931 800 3016 καταβνθιζόμεναν.
845 2930 990 3015 Apparet
1017 2950 1081 2993 non
1111 2950 1210 2995 naues
1239 2930 1295 2997 sed
1326 2931 1457 2997 arbores
1486 2934 1579 2998 ineur-

483 3057 595 3136 ruptas
618 3068 701 3131 esse,
734 3049 843 3134 itaque
866 3048 912 3112 sie
934 3046 1180 3133 interpungatur
1200 3056 1343 3132 oportet:
1375 3052 1499 3115 artor'es·
1525 3022 1580 3115 isse

484 3189 526 3233 ex
546 3172 654 3247 quibus
670 3172 886 3246 revestimur,
908 3186 986 3244 quas
1007 3164 1063 3229 rel.
1087 3166 1137 3229 De
1152 3164 1255 3251 ellipsi
1276 3166 1364 3232 verbi
1380 3166 1419 3234 el.
1436 3167 1579 3233 (trasber-

391 3302 396 3315 ·
484 3308 541 3373 ger
563 3266 854 3350 de'usu'Pliniano
876 3304 907 3367 p.
931 3282 980 3349 12.
994 3324 1027 3333 -
1040 3282 1138 3367 §.222
1161 3281 1395 3350 subiunctivum
1412 3298 1580 3369 rumpantur

485 3404 517 3469 S.
530 3404 554 3467 l.
578 3402 828 3488 superstitiosius
851 3420 947 3486 quam
968 3399 1149 3485 religiosius
1172 3421 1190 3466 e
1211 3400 1373 3469 oodieibus
1391 3411 1579 3492 receperunt.

484 3518 615 3585 Falsum
648 3538 719 3584 esse
752 3525 785 3584 et
817 3518 971 3603 proximis
1004 3517 1184 3583 indicativis
1207 3526 1240 3584 et
1273 3518 1485 3609 Theophrasti
1515 3523 1579 3587 loeo
1647 3510 1648 3541 r

483 3635 523 3703 V.
546 3637 575 3706 6.
598 3639 616 3704 1
639 3636 878 3721 comprobatur,
913 3636 1003 3700 euius
1031 3634 1130 3700 verbs
1160 3633 1370 3718 amassem,
1404 3636 1580 3727 ῥήγνυνται,

485 3756 647 3842 οήπανται
668 3752 823 3818 Plinianis
844 3758 1027 3837 renituntur,
1048 3766 1240 3836 rumpuntur,
1271 3764 1355 3822 corle
1377 3764 1513 3837 deficiunt
1531 3778 1579 3823 ae·

485 3880 594 3940 eurote
616 3870 821 3957 respondent.
867 3868 1019 3937 Ceterum
1041 3890 1180 3937 errorem
1203 3872 1368 3961 archetypi
1391 3876 1532 3965 repetivit
1550 3897 1578 3958 o,

377 4004 383 4011 ’
483 3988 706 4076 interpolando
728 3993 936 4054 correxerunt
956 3986 1020 4052 ud
1044 3988 1145 4074 quine
1170 4022 1206 4035 -
1227 4006 1405 4073 rumpantur
1426 3994 1577 4062 exhibent.

880 4148 953 4220 226
978 4166 1020 4199 =
1047 4148 1105 4234 43,
1132 4148 1191 4223 83.

490 4356 496 4363 ,
535 4277 668 4377 Magna
705 4284 828 4354 sutem
866 4280 901 4353 et
940 4272 1073 4375 glutini
1111 4276 1261 4381 ratio-
1304 4279 1522 4367 Stamineam
1545 4289 1575 4364 iu

534 4408 607 4486 hoo
644 4432 713 4487 usu
739 4410 898 4510 probent
937 4430 1071 4485 venam
1099 4416 1135 4486 el
1161 4424 1297 4493 vocant
1329 4417 1505 4499 leruleam
1529 4436 1599 4499 ar·'
1644 4400 1647 4447 i

471 4588 489 4607 .
534 4547 712 4640 gumento
731 4539 990 4637 similitudinis,
1018 4548 1192 4647 quoniam
1210 4547 1388 4630 lacunosa
1405 4561 1443 4631 et
1459 4557 1576 4658 crispa.

534 4677 574 4756 lu
607 4674 708 4755 omni
742 4698 882 4778 genere
916 4676 1099 4780 glutinum
1125 4682 1298 4763 abdicant
1334 4675 1524 4791 quaedam
1548 4698 1578 4771 et
