3700 5625
427 1200 490 1266 ula
582 1223 585 1234 ·

508 572 570 642 168
967 575 1069 646 hiber
1090 577 1157 648 111.

505 760 679 828 unicornio
702 770 838 846 praeter
860 762 988 828 usinum
1003 763 1243 830 ludicum‘fere
1262 765 1373 831 omnia
1389 762 1526 832 bisulca
1543 781 1614 828 asse

507 877 660 946 affirmet
705 879 852 966 Silligius
874 892 985 950 autem
1007 884 1095 949 mule
1117 895 1195 970 pust
1218 883 1347 949 uallum
1366 884 1615 972 graviusinter·

506 997 699 1083 punctionis
722 998 853 1084 signum
876 998 1066 1069 collocavit.
1208 1073 1216 1080 ,

914 1187 1217 1284 noe=e1,112.

559 1353 701 1436 Vocem
727 1383 800 1436 uon
833 1360 970 1436 babere
998 1361 1070 1437 nisi
1104 1386 1200 1462 quae
1223 1353 1446 1463 pulmonem'
1466 1374 1508 1438 ct
1534 1372 1618 1437 orte-

438 1493 465 1544 -3
557 1494 632 1571 ries
659 1496 795 1573 habent
824 1497 895 1573 boe
922 1507 981 1573 est
1006 1496 1078 1574 nisi
1105 1523 1201 1599 quae
1228 1497 1371 1600 spirent
1395 1501 1617 1577 Aristoteles

200 3782 202 3863 l

200 4114 202 4163 l

556 1641 673 1732 putat.

591 1798 738 1887 Silligius
760 1801 873 1868 lanum
895 1816 1034 1872 secutus
1056 1816 1124 1886 est,
1147 1808 1256 1893 quiin
1278 1807 1381 1873 Nunt.
1401 1806 1465 1874 lita
1488 1805 1618 1872 Monac.

509 1919 601 1988 1866.
633 1943 664 1990 n.
689 1922 762 1993 166.
787 1925 892 1992 verba
919 1926 988 1989 nisi
1011 1947 1097 2021 meae
1120 1926 1221 2013 palm.
1243 1947 1270 1994 e.
1293 1935 1358 1996 ort.
1373 1924 1460 1992 nab.
1484 1923 1547 1988 ime
1565 1931 1618 1998 etl,

506 2060 594 2130 quae
625 2063 724 2130 quum
751 2063 773 2109 a
800 2043 878 2110 o'ld
908 2044 1035 2123 absint,
1067 2045 1194 2129 primus
1220 2043 1462 2130 Daleeempius
1487 2040 1620 2109 exulare

505 2153 614 2243 iussit,
637 2162 746 2228 ecud.
763 2161 796 2226 R
817 2172 852 2226 et
871 2162 1016 2228 vetustis
1036 2161 1235 2227 editionibus
1253 2163 1413 2228 restituitz
1435 2162 1532 2228 haud
1552 2159 1617 2226 seio

506 2281 662 2347 aumale.
707 2281 793 2346 Nam
816 2281 878 2346 etsi
900 2282 977 2365 ipso
990 2280 1074 2346 libro
1096 2282 1285 2366 quo-lanus
1304 2282 1511 2348 senteutiam
1530 2297 1617 2346 suam

507 2398 674 2484 exposuit,
694 2399 741 2464 uti
763 2397 840 2462 mihi
862 2389 933 2462 non'
952 2397 1042 2483 lieet,
1064 2400 1098 2462 id
1120 2410 1229 2464 tamen
1244 2399 1395 2486 eSilligii
1405 2401 1617 2466 annotatione

505 2518 703 2604 perspicere
714 2516 791 2581 mihi
799 2515 927 2596 videor,
944 2533 1092 2583 veterem
1102 2517 1280 2585 lectionem
1292 2519 1369 2586 ideo
1382 2519 1616 2593 commendari,

506 2639 597 2724 quod
618 2636 649 2724 §.
666 2635 740 2702 267.
763 2638 878 2722 pisces
898 2637 977 2703 item
997 2637 1185 2723 „pulmone
1207 2649 1241 2705 et
1258 2640 1415 2705 arte1·ia“
1434 2659 1557 2704 carere
1577 2634 1617 2699 di·

507 2769 637 2824 eantur.
682 2754 729 2821 At
749 2776 832 2825 vero
853 2757 899 2823 ita
921 2758 1020 2826 mium
1039 2757 1258 2845 Aristoteles,
1280 2779 1387 2846 a-quo
1409 2749 1541 2827 Plinius
1561 2774 1616 2823 sua

507 2877 710 2963 desumpsit,
741 2878 929 2944 orationem
956 2879 1107 2945 variavit.
1163 2878 1250 2951 Hist.
1274 2882 1373 2945 anim.
1394 2880 1453 2946 lV.
1474 2878 1506 2948 s.
1534 2876 1616 2942 initio

507 2996 639 3062 dixerat
668 2994 718 3063 dui
738 2991 805 3064 ὅσα
825 2994 871 3084 μὴ
891 2990 958 3080 ἔχει
978 2995 1163 3082 πνεύμονα,
1185 2994 1259 3065 ouidi
1280 2997 1480 3086 φθέγγεται,
1504 2993 1616 3062 deinde

506 3115 578 3184 old
596 3114 710 3200 ἰχθύες
731 3107 856 3200 ἄφωνοι
876 3113 939 3202 μέν
955 3114 1036 3180 εἰσιν
1057 3106 1147 3198 (oiirs
1167 3113 1236 3201 γὰρ
1256 3114 1422 3201 πνεύμονα
1443 3108 1522 3185 odra
1534 3116 1607 3201 ἅρτη

505 3232 579 3321 ρίαν
593 3232 650 3302 καὶ
664 3232 829 3321 φάρυγγα
841 3225 987 3316 ἔχουσι).
1009 3228 1136 3296 Nostro
1148 3241 1261 3297 autem
1279 3230 1356 3297 loco
1377 3252 1439 3300 cur
1459 3236 1515 3303 bis
1537 3233 1615 3299 idem

505 3354 632 3419 diceret
654 3350 780 3417 Plinius
801 3348 1003 3436 praesertim
1028 3349 1061 3412 in
1095 3368 1132 3413 re
1159 3367 1259 3434 quam
1285 3348 1353 3414 iam
1372 3368 1480 3437 supra
1500 3358 1615 3417 tracta·

504 3479 612 3550 verat,
634 3488 739 3535 causa
763 3468 917 3554 proiecto
939 3466 1028 3533 nulla
1049 3467 1126 3536 luite
1141 3459 1316 3555 ⁸quocirca
1342 3466 1385 3534 in'
1400 3492 1519 3536 eorum
1544 3486 1614 3535 seu·

504 3588 641 3653 tentiam
662 3584 795 3664 inclino,
822 3586 878 3671 qui
900 3585 1073 3671 glossema
1100 3606 1140 3651 se
1161 3584 1433 3672 deprehendisse
1454 3596 1613 3674 pritanum.

504 3705 668 3773 Dubitare
692 3705 823 3792 quidem
846 3704 968 3789 aliquis
995 3705 1123 3789 possit,
1153 3720 1263 3772 utrium
1294 3710 1407 3793 priora
1431 3712 1539 3774 verbu
1560 3724 1613 3771 an:

504 3828 537 3894 h.
552 3847 583 3893 e.
603 3826 671 3891 nisi
687 3846 773 3922 quaa
792 3826 919 3912 spirent
945 3825 1110 3893 eiiciendae
1135 3820 1323 3892 videantur.
1358 3825 1445 3892 Nam
1463 3826 1614 3893 librorum

504 3947 589 4013 Mss.
602 3944 834 4013 auctoritatem
846 3945 881 4009 in
896 3945 1018 4011 talibus
1025 3966 1092 4011 uon
1107 3946 1307 4029 praevalere
1320 3958 1474 4033 apparet.
1492 3939 1613 4025 Quodsi

504 4078 616 4133 temen
628 4067 709 4131 lano
730 4066 938 4150 accedimus,
958 4075 1027 4129 tum
1045 4084 1112 4129 non
1133 4062 1268 4145 Ιαώονι,
1289 4066 1354 4133 sed
1376 4064 1522 4129 tabem
1540 4060 1611 4128 seri·

504 4185 651 4253 bendum
669 4206 749 4253 esse
773 4184 927 4270 proximo
950 4182 1057 4249 uerbo
1078 4180 1202 4268 spirant
1222 4185 1483 4254 demonstratur.

908 4388 1115 4484 ννενν,
1132 4389 1218 4465 115.

556 4560 664 4662 Quae
691 4558 833 4635 insecta
861 4555 1145 4657 appellavimus,
1181 4558 1303 4635 omnia
1337 4558 1411 4638 olei
1437 4559 1609 4660 adspersu
