<?xml version="1.0" encoding="UTF-8"?>
<!DOCTYPE html PUBLIC "-//W3C//DTD XHTML 1.0 Transitional//EN"
    "http://www.w3.org/TR/xhtml1/DTD/xhtml1-transitional.dtd">
<html xmlns="http://www.w3.org/1999/xhtml" xml:lang="en" lang="en">
 <head>
  <title>
</title>
<meta http-equiv="Content-Type" content="text/html;charset=utf-8" />
  <meta name='ocr-system' content='tesseract 3.04.00' />
  <meta name='ocr-capabilities' content='ocr_page ocr_carea ocr_par ocr_line ocrx_word'/>
</head>
<body>
  <div class='ocr_page' id='page_1' title='image "./vindiciaeplinia01urligoog_0277.png"; bbox 0 0 3700 5625; ppageno 0'>
   <div class='ocr_carea' id='block_1_1' title="bbox 718 733 1370 808">
    <p class='ocr_par' dir='ltr' id='par_1_1' title="bbox 718 733 1370 808">
     <span class='ocr_line' id='line_1_1' title="bbox 718 733 1370 808; baseline 0.02 -14"><span class='ocrx_word' id='word_1_1' title='bbox 718 733 810 797; x_wconf 73' lang='lat' dir='ltr'>liber</span> <span class='ocrx_word' id='word_1_2' title='bbox 835 733 927 805; x_wconf 73' lang='lat' dir='ltr'>XIX·</span> <span class='ocrx_word' id='word_1_3' title='bbox 1332 739 1370 808; x_wconf 80' lang='lat'>71</span> 
     </span>
    </p>
   </div>
   <div class='ocr_carea' id='block_1_2' title="bbox 275 923 1372 2047">
    <p class='ocr_par' dir='ltr' id='par_1_2' title="bbox 278 923 1372 1127">
     <span class='ocr_line' id='line_1_2' title="bbox 279 923 1372 998; baseline 0.011 -12"><span class='ocrx_word' id='word_1_4' title='bbox 279 923 342 987; x_wconf 89' lang='lat' dir='ltr'>coni</span> <span class='ocrx_word' id='word_1_5' title='bbox 365 923 471 987; x_wconf 83' lang='lat' dir='ltr'>forme</span> <span class='ocrx_word' id='word_1_6' title='bbox 499 944 617 989; x_wconf 92' lang='lat' dir='ltr'>nomen</span> <span class='ocrx_word' id='word_1_7' title='bbox 644 924 764 992; x_wconf 82' lang='lat' dir='ltr'>hebere</span> <span class='ocrx_word' id='word_1_8' title='bbox 790 925 948 992; x_wconf 83' lang='lat' dir='ltr'>ridentur.</span> <span class='ocrx_word' id='word_1_9' title='bbox 991 934 1124 994; x_wconf 79' lang='lat' dir='ltr'><em>evellitur</em></span> <span class='ocrx_word' id='word_1_10' title='bbox 1146 928 1212 996; x_wconf 85' lang='lat' dir='ltr'>Sili.</span> <span class='ocrx_word' id='word_1_11' title='bbox 1244 937 1372 998; x_wconf 86' lang='lat' dir='ltr'>rectee</span> 
     </span>
     <span class='ocr_line' id='line_1_3' title="bbox 278 1039 531 1127; baseline 0.012 -24"><span class='ocrx_word' id='word_1_12' title='bbox 278 1039 338 1104; x_wconf 91' lang='lat' dir='ltr'>cod.</span> <span class='ocrx_word' id='word_1_13' title='bbox 359 1060 379 1105; x_wconf 79' lang='lat' dir='ltr'>o</span> <span class='ocrx_word' id='word_1_14' title='bbox 399 1041 531 1127; x_wconf 74' lang='lat' dir='ltr'>recepit</span> 
     </span>
    </p>

    <p class='ocr_par' dir='ltr' id='par_1_3' title="bbox 275 1157 1372 2047">
     <span class='ocr_line' id='line_1_4' title="bbox 350 1157 1370 1252; baseline 0.005 -28"><span class='ocrx_word' id='word_1_15' title='bbox 350 1158 376 1242; x_wconf 67' lang='grc' dir='ltr'>ἕ.</span> <span class='ocrx_word' id='word_1_16' title='bbox 398 1158 441 1224; x_wconf 78' lang='grc'>32</span> <span class='ocrx_word' id='word_1_17' title='bbox 475 1177 493 1222; x_wconf 89' lang='lat' dir='ltr'>e</span> <span class='ocrx_word' id='word_1_18' title='bbox 526 1157 618 1225; x_wconf 85' lang='lat' dir='ltr'>codd.</span> <span class='ocrx_word' id='word_1_19' title='bbox 640 1158 846 1224; x_wconf 87' lang='lat' dir='ltr'>inserendum</span> <span class='ocrx_word' id='word_1_20' title='bbox 878 1166 929 1225; x_wconf 90' lang='lat' dir='ltr'>est</span> <span class='ocrx_word' id='word_1_21' title='bbox 959 1167 1090 1242; x_wconf 78' lang='lat' dir='ltr'>spatium</span> <span class='ocrx_word' id='word_1_22' title='bbox 1124 1183 1197 1228; x_wconf 92' lang='lat' dir='ltr'>cum</span> <span class='ocrx_word' id='word_1_23' title='bbox 1229 1166 1370 1252; x_wconf 81' lang='lat' dir='ltr'>vulgate,</span> 
     </span>
     <span class='ocr_line' id='line_1_5' title="bbox 277 1274 1372 1366; baseline 0.009 -28"><span class='ocrx_word' id='word_1_24' title='bbox 277 1294 403 1359; x_wconf 88' lang='lat' dir='ltr'>nemque</span> <span class='ocrx_word' id='word_1_25' title='bbox 433 1274 518 1361; x_wconf 89' lang='lat' dir='ltr'>epud</span> <span class='ocrx_word' id='word_1_26' title='bbox 539 1276 711 1361; x_wconf 86' lang='lat' dir='ltr'>Apuleium</span> <span class='ocrx_word' id='word_1_27' title='bbox 740 1283 814 1362; x_wconf 91' lang='lat' dir='ltr'>post</span> <span class='ocrx_word' id='word_1_28' title='bbox 842 1279 1016 1364; x_wconf 86' lang='lat' dir='ltr'>,temporis‘</span> <span class='ocrx_word' id='word_1_29' title='bbox 1053 1286 1207 1366; x_wconf 89' lang='lat' dir='ltr'>punctum</span> <span class='ocrx_word' id='word_1_30' title='bbox 1233 1282 1372 1366; x_wconf 85' lang='lat' dir='ltr'>ponitur,</span> 
     </span>
     <span class='ocr_line' id='line_1_6' title="bbox 277 1391 1370 1481; baseline 0.009 -26"><span class='ocrx_word' id='word_1_31' title='bbox 277 1391 499 1456; x_wconf 85' lang='lat' dir='ltr'>substantivum</span> <span class='ocrx_word' id='word_1_32' title='bbox 520 1393 651 1479; x_wconf 86' lang='lat' dir='ltr'>propter</span> <span class='ocrx_word' id='word_1_33' title='bbox 671 1395 807 1459; x_wconf 80' lang='lat' dir='ltr'>vicinam</span> <span class='ocrx_word' id='word_1_34' title='bbox 830 1415 943 1460; x_wconf 86' lang='lat' dir='ltr'>vocem</span> <span class='ocrx_word' id='word_1_35' title='bbox 962 1400 1128 1481; x_wconf 86' lang='lat' dir='ltr'>‚spertum‘</span> <span class='ocrx_word' id='word_1_36' title='bbox 1146 1397 1299 1464; x_wconf 89' lang='lat' dir='ltr'>omissum</span> <span class='ocrx_word' id='word_1_37' title='bbox 1311 1406 1370 1466; x_wconf 88' lang='lat' dir='ltr'>est.</span> 
     </span>
     <span class='ocr_line' id='line_1_7' title="bbox 277 1510 1370 1602; baseline 0.006 -25"><span class='ocrx_word' id='word_1_38' title='bbox 277 1511 300 1593; x_wconf 66' lang='grc'>6.</span> <span class='ocrx_word' id='word_1_39' title='bbox 319 1510 357 1578; x_wconf 85' lang='grc'>67</span> <span class='ocrx_word' id='word_1_40' title='bbox 385 1515 473 1574; x_wconf 84' lang='lat' dir='ltr'>recte</span> <span class='ocrx_word' id='word_1_41' title='bbox 503 1510 584 1577; x_wconf 89' lang='lat' dir='ltr'>Pint.</span> <span class='ocrx_word' id='word_1_42' title='bbox 615 1511 743 1598; x_wconf 76' lang='lat' dir='ltr'>scripsit</span> <span class='ocrx_word' id='word_1_43' title='bbox 769 1523 897 1592; x_wconf 77' lang='lat' dir='ltr'>acceptu</span> <span class='ocrx_word' id='word_1_44' title='bbox 925 1523 1038 1577; x_wconf 80' lang='lat' dir='ltr'>tantum</span> <span class='ocrx_word' id='word_1_45' title='bbox 1072 1520 1186 1597; x_wconf 66' lang='lat' dir='ltr'>mucis,</span> <span class='ocrx_word' id='word_1_46' title='bbox 1219 1516 1306 1602; x_wconf 88' lang='lat' dir='ltr'>quod</span> <span class='ocrx_word' id='word_1_47' title='bbox 1332 1514 1370 1585; x_wconf 76' lang='lat' dir='ltr'>ori</span> 
     </span>
     <span class='ocr_line' id='line_1_8' title="bbox 275 1625 1370 1720; baseline 0.006 -28"><span class='ocrx_word' id='word_1_48' title='bbox 275 1626 430 1716; x_wconf 75' lang='grc' dir='ltr'><strong><em>πρότερον</em></strong></span> <span class='ocrx_word' id='word_1_49' title='bbox 456 1634 537 1716; x_wconf 77' lang='grc' dir='ltr'><strong><em>πρὶν</em></strong></span> <span class='ocrx_word' id='word_1_50' title='bbox 564 1627 583 1714; x_wconf 78' lang='grc' dir='ltr'><strong><em>ἢ</em></strong></span> <span class='ocrx_word' id='word_1_51' title='bbox 603 1633 781 1717; x_wconf 78' lang='grc' dir='ltr'><strong><em>γενομένης</em></strong></span> <span class='ocrx_word' id='word_1_52' title='bbox 813 1625 998 1718; x_wconf 72' lang='grc' dir='ltr'><strong><em>ἐπομβρίας</em></strong></span> <span class='ocrx_word' id='word_1_53' title='bbox 1019 1631 1262 1718; x_wconf 72' lang='lat' dir='ltr'>Theophrastus</span> <span class='ocrx_word' id='word_1_54' title='bbox 1284 1635 1370 1720; x_wconf 83' lang='lat' dir='ltr'>opud</span> 
     </span>
     <span class='ocr_line' id='line_1_9' title="bbox 275 1744 1371 1832; baseline 0.008 -23"><span class='ocrx_word' id='word_1_55' title='bbox 275 1744 468 1810; x_wconf 75' lang='lat' dir='ltr'><strong>Athenaeum</strong></span> <span class='ocrx_word' id='word_1_56' title='bbox 496 1746 572 1831; x_wconf 85' lang='lat' dir='ltr'>epit.</span> <span class='ocrx_word' id='word_1_57' title='bbox 595 1748 636 1811; x_wconf 91' lang='lat'>11.</span> <span class='ocrx_word' id='word_1_58' title='bbox 658 1768 689 1832; x_wconf 90' lang='lat' dir='ltr'>p.</span> <span class='ocrx_word' id='word_1_59' title='bbox 712 1747 753 1815; x_wconf 80' lang='grc'>62</span> <span class='ocrx_word' id='word_1_60' title='bbox 786 1748 921 1813; x_wconf 76' lang='lat' dir='ltr'>dixerat.</span> <span class='ocrx_word' id='word_1_61' title='bbox 965 1749 1038 1814; x_wconf 86' lang='lat' dir='ltr'>Vox</span> <span class='ocrx_word' id='word_1_62' title='bbox 1074 1750 1158 1814; x_wconf 89' lang='lat' dir='ltr'>enim</span> <span class='ocrx_word' id='word_1_63' title='bbox 1192 1761 1303 1816; x_wconf 79' lang='lat' dir='ltr'>trulum</span> <span class='ocrx_word' id='word_1_64' title='bbox 1337 1755 1371 1819; x_wconf 90' lang='lat' dir='ltr'>in</span> 
     </span>
     <span class='ocr_line' id='line_1_10' title="bbox 276 1862 1371 1950; baseline 0.008 -23"><span class='ocrx_word' id='word_1_65' title='bbox 276 1862 410 1927; x_wconf 84' lang='lat' dir='ltr'>codicum</span> <span class='ocrx_word' id='word_1_66' title='bbox 434 1864 593 1930; x_wconf 71' lang='lat' dir='ltr'>verietate</span> <span class='ocrx_word' id='word_1_67' title='bbox 620 1876 775 1945; x_wconf 79' lang='lat' dir='ltr'>acceptam</span> <span class='ocrx_word' id='word_1_68' title='bbox 800 1872 947 1945; x_wconf 72' lang='lat' dir='ltr'>turrtpuis</span> <span class='ocrx_word' id='word_1_69' title='bbox 978 1866 1030 1932; x_wconf 88' lang='lat' dir='ltr'>vel</span> <span class='ocrx_word' id='word_1_70' title='bbox 1064 1879 1191 1949; x_wconf 71' lang='lat' dir='ltr'>acceptu</span> <span class='ocrx_word' id='word_1_71' title='bbox 1225 1875 1371 1950; x_wconf 66' lang='lat' dir='ltr'>cruquio</span> 
     </span>
     <span class='ocr_line' id='line_1_11' title="bbox 275 1981 353 2047; baseline 0.013 -2"><span class='ocrx_word' id='word_1_72' title='bbox 275 1981 353 2047; x_wconf 80' lang='lat' dir='ltr'>lutet.</span> 
     </span>
    </p>
   </div>
   <div class='ocr_carea' id='block_1_3' title="bbox 272 2120 1452 2837">
    <p class='ocr_par' dir='ltr' id='par_1_4' title="bbox 272 2120 1452 2837">
     <span class='ocr_line' id='line_1_12' title="bbox 708 2120 1452 2210; baseline 0.013 -14"><span class='ocrx_word' id='word_1_73' title='bbox 708 2120 914 2210; x_wconf 79' lang='lat'><strong>38:3,14.</strong></span> <span class='ocrx_word' id='word_1_74' title='bbox 1390 2139 1452 2208; x_wconf 87' lang='grc'>386</span> 
     </span>
     <span class='ocr_line' id='line_1_13' title="bbox 317 2245 1369 2356; baseline 0.008 -32"><span class='ocrx_word' id='word_1_75' title='bbox 317 2245 406 2324; x_wconf 81' lang='lat' dir='ltr'>Sunt</span> <span class='ocrx_word' id='word_1_76' title='bbox 443 2255 480 2323; x_wconf 83' lang='lat' dir='ltr'>et</span> <span class='ocrx_word' id='word_1_77' title='bbox 515 2248 552 2323; x_wconf 92' lang='lat' dir='ltr'>in</span> <span class='ocrx_word' id='word_1_78' title='bbox 577 2249 776 2349; x_wconf 82' lang='lat' dir='ltr'>fungorum</span> <span class='ocrx_word' id='word_1_79' title='bbox 814 2274 955 2351; x_wconf 83' lang='lat' dir='ltr'>genere</span> <span class='ocrx_word' id='word_1_80' title='bbox 984 2249 1134 2330; x_wconf 87' lang='lat' dir='ltr'>Graecis</span> <span class='ocrx_word' id='word_1_81' title='bbox 1174 2253 1263 2332; x_wconf 79' lang='lat' dir='ltr'>dicti</span> <span class='ocrx_word' id='word_1_82' title='bbox 1303 2278 1369 2356; x_wconf 92' lang='lat' dir='ltr'>pe-</span> 
     </span>
     <span class='ocr_line' id='line_1_14' title="bbox 315 2363 668 2458; baseline 0.008 -1"><span class='ocrx_word' id='word_1_83' title='bbox 315 2381 412 2458; x_wconf 87' lang='lat' dir='ltr'>zicae</span> <span class='ocrx_word' id='word_1_84' title='bbox 439 2424 489 2435; x_wconf 97' lang='lat'><em>-</em></span> <span class='ocrx_word' id='word_1_85' title='bbox 662 2363 668 2376; x_wconf 65' lang='grc'><strong><em>’</em></strong></span> 
     </span>
     <span class='ocr_line' id='line_1_15' title="bbox 273 2511 1368 2610; baseline 0.008 -34"><span class='ocrx_word' id='word_1_86' title='bbox 273 2514 353 2593; x_wconf 73' lang='grc' dir='ltr'><strong><em>πέζις</em></strong></span> <span class='ocrx_word' id='word_1_87' title='bbox 380 2531 400 2577; x_wconf 83' lang='lat' dir='ltr'>e</span> <span class='ocrx_word' id='word_1_88' title='bbox 430 2511 591 2598; x_wconf 85' lang='lat' dir='ltr'>Theophr.</span> <span class='ocrx_word' id='word_1_89' title='bbox 612 2515 635 2578; x_wconf 89' lang='grc' dir='ltr'>Ι.</span> <span class='ocrx_word' id='word_1_90' title='bbox 657 2513 728 2583; x_wconf 83' lang='grc'>65</span> <span class='ocrx_word' id='word_1_91' title='bbox 756 2515 805 2581; x_wconf 88' lang='lat' dir='ltr'>cll.</span> <span class='ocrx_word' id='word_1_92' title='bbox 828 2515 945 2580; x_wconf 82' lang='lat' dir='ltr'>Athen.</span> <span class='ocrx_word' id='word_1_93' title='bbox 969 2515 1044 2601; x_wconf 83' lang='lat' dir='ltr'>epit.</span> <span class='ocrx_word' id='word_1_94' title='bbox 1066 2514 1108 2580; x_wconf 91' lang='lat' dir='ltr'>II.</span> <span class='ocrx_word' id='word_1_95' title='bbox 1129 2538 1159 2602; x_wconf 92' lang='lat' dir='ltr'>p.</span> <span class='ocrx_word' id='word_1_96' title='bbox 1182 2519 1220 2588; x_wconf 87' lang='grc'>61</span> <span class='ocrx_word' id='word_1_97' title='bbox 1259 2521 1368 2610; x_wconf 82' lang='lat' dir='ltr'>appel·</span> 
     </span>
     <span class='ocr_line' id='line_1_16' title="bbox 272 2629 1368 2724; baseline 0.013 -33"><span class='ocrx_word' id='word_1_98' title='bbox 272 2629 361 2713; x_wconf 81' lang='lat' dir='ltr'>latur,</span> <span class='ocrx_word' id='word_1_99' title='bbox 392 2631 595 2696; x_wconf 82' lang='lat' dir='ltr'>accusativus</span> <span class='ocrx_word' id='word_1_100' title='bbox 626 2633 743 2712; x_wconf 79' lang='grc' dir='ltr'><strong><em>πέζιας</em></strong></span> <span class='ocrx_word' id='word_1_101' title='bbox 773 2632 858 2720; x_wconf 81' lang='lat' dir='ltr'>apud</span> <span class='ocrx_word' id='word_1_102' title='bbox 881 2631 1095 2719; x_wconf 80' lang='lat' dir='ltr'>Athenaeum¹</span> <span class='ocrx_word' id='word_1_103' title='bbox 1117 2637 1213 2722; x_wconf 85' lang='lat' dir='ltr'>vulgo</span> <span class='ocrx_word' id='word_1_104' title='bbox 1241 2638 1368 2724; x_wconf 82' lang='lat' dir='ltr'>legitur,</span> 
     </span>
     <span class='ocr_line' id='line_1_17' title="bbox 273 2745 1367 2837; baseline 0.013 -29"><span class='ocrx_word' id='word_1_105' title='bbox 273 2745 302 2808; x_wconf 94' lang='lat' dir='ltr'>in</span> <span class='ocrx_word' id='word_1_106' title='bbox 327 2747 487 2819; x_wconf 86' lang='lat' dir='ltr'>codicibus</span> <span class='ocrx_word' id='word_1_107' title='bbox 511 2750 646 2837; x_wconf 61' lang='lat' dir='ltr'>uetuere</span> <span class='ocrx_word' id='word_1_108' title='bbox 677 2756 709 2816; x_wconf 92' lang='lat' dir='ltr'>et</span> <span class='ocrx_word' id='word_1_109' title='bbox 742 2749 878 2828; x_wconf 81' lang='grc' dir='ltr'><strong><em>πεζικάς</em></strong></span> <span class='ocrx_word' id='word_1_110' title='bbox 905 2751 1061 2833; x_wconf 73' lang='lat' dir='ltr'>scribitur.</span> <span class='ocrx_word' id='word_1_111' title='bbox 1105 2752 1133 2818; x_wconf 81' lang='lat' dir='ltr'>u</span> <span class='ocrx_word' id='word_1_112' title='bbox 1160 2761 1269 2821; x_wconf 89' lang='lat' dir='ltr'>nostro</span> <span class='ocrx_word' id='word_1_113' title='bbox 1296 2756 1367 2828; x_wconf 91' lang='lat' dir='ltr'>loco</span> 
     </span>
    </p>
   </div>
   <div class='ocr_carea' id='block_1_4' title="bbox 275 2864 1367 3076">
    <p class='ocr_par' dir='ltr' id='par_1_5' title="bbox 275 2864 1367 3076">
     <span class='ocr_line' id='line_1_18' title="bbox 275 2864 1367 2961; baseline 0.014 -36"><span class='ocrx_word' id='word_1_114' title='bbox 275 2872 396 2950; x_wconf 77' lang='lat' dir='ltr'>apparet</span> <span class='ocrx_word' id='word_1_115' title='bbox 405 2864 442 2951; x_wconf 85' lang='grc'>*)</span> <span class='ocrx_word' id='word_1_116' title='bbox 463 2865 596 2955; x_wconf 83' lang='lat' dir='ltr'>fungum</span> <span class='ocrx_word' id='word_1_117' title='bbox 610 2888 629 2932; x_wconf 85' lang='lat' dir='ltr'><strong>a</strong></span> <span class='ocrx_word' id='word_1_118' title='bbox 644 2868 840 2933; x_wconf 83' lang='lat' dir='ltr'>nominativo</span> <span class='ocrx_word' id='word_1_119' title='bbox 862 2870 957 2947; x_wconf 80' lang='grc' dir='ltr'><strong><em>πέζιξ</em></strong></span> <span class='ocrx_word' id='word_1_120' title='bbox 978 2871 1095 2948; x_wconf 59' lang='lat' dir='ltr'>nelma</span> <span class='ocrx_word' id='word_1_121' title='bbox 1116 2872 1234 2955; x_wconf 81' lang='lat' dir='ltr'>vocari,</span> <span class='ocrx_word' id='word_1_122' title='bbox 1258 2872 1367 2961; x_wconf 81' lang='lat' dir='ltr'>itaque</span> 
     </span>
     <span class='ocr_line' id='line_1_19' title="bbox 275 2982 993 3076; baseline 0.013 -33"><span class='ocrx_word' id='word_1_123' title='bbox 275 2982 348 3076; x_wconf 81' lang='lat' dir='ltr'>opud</span> <span class='ocrx_word' id='word_1_124' title='bbox 368 2983 507 3049; x_wconf 91' lang='lat' dir='ltr'>Plinium</span> <span class='ocrx_word' id='word_1_125' title='bbox 522 2991 645 3065; x_wconf 82' lang='lat' dir='ltr'>pezices</span> <span class='ocrx_word' id='word_1_126' title='bbox 665 2984 900 3050; x_wconf 90' lang='lat' dir='ltr'>restituendum</span> <span class='ocrx_word' id='word_1_127' title='bbox 922 2986 993 3052; x_wconf 88' lang='lat' dir='ltr'>erit.</span> 
     </span>
    </p>
   </div>
   <div class='ocr_carea' id='block_1_5' title="bbox 316 3141 1450 3371">
    <p class='ocr_par' dir='ltr' id='par_1_6' title="bbox 316 3141 1450 3371">
     <span class='ocr_line' id='line_1_20' title="bbox 709 3141 1450 3230; baseline 0.004 -15"><span class='ocrx_word' id='word_1_128' title='bbox 709 3141 754 3216; x_wconf 80' lang='grc'>41</span> <span class='ocrx_word' id='word_1_129' title='bbox 769 3175 815 3207; x_wconf 95' lang='lat'><strong><em>=</em></strong></span> <span class='ocrx_word' id='word_1_130' title='bbox 825 3142 921 3230; x_wconf 84' lang='grc'><strong>3,15.</strong></span> <span class='ocrx_word' id='word_1_131' title='bbox 1388 3150 1450 3219; x_wconf 83' lang='grc'>387</span> 
     </span>
     <span class='ocr_line' id='line_1_21' title="bbox 316 3254 1367 3371; baseline 0.01 -25"><span class='ocrx_word' id='word_1_132' title='bbox 316 3268 587 3370; x_wconf 76' lang='lat' dir='ltr'>(laserpicium)</span> <span class='ocrx_word' id='word_1_133' title='bbox 625 3272 724 3371; x_wconf 82' lang='lat' dir='ltr'>apud</span> <span class='ocrx_word' id='word_1_134' title='bbox 749 3258 922 3350; x_wconf 83' lang='lat' dir='ltr'>auctores</span> <span class='ocrx_word' id='word_1_135' title='bbox 949 3269 1126 3349; x_wconf 78' lang='lat' dir='ltr'>Graeciae</span> <span class='ocrx_word' id='word_1_136' title='bbox 1162 3254 1367 3356; x_wconf 78' lang='lat' dir='ltr'>evidentis·</span> 
     </span>
    </p>
   </div>
   <div class='ocr_carea' id='block_1_6' title="bbox 204 3402 1365 4211">
    <p class='ocr_par' dir='ltr' id='par_1_7' title="bbox 313 3402 1044 3480">
     <span class='ocr_line' id='line_1_22' title="bbox 313 3402 1044 3480; baseline 0.001 -2"><span class='ocrx_word' id='word_1_137' title='bbox 313 3402 423 3480; x_wconf 92' lang='lat' dir='ltr'>simos</span> <span class='ocrx_word' id='word_1_138' title='bbox 450 3402 659 3479; x_wconf 87' lang='lat' dir='ltr'>invenimus</span> <span class='ocrx_word' id='word_1_139' title='bbox 686 3408 810 3479; x_wconf 81' lang='lat' dir='ltr'>natum</span> <span class='ocrx_word' id='word_1_140' title='bbox 837 3403 952 3480; x_wconf 87' lang='lat' dir='ltr'>imbre</span> <span class='ocrx_word' id='word_1_141' title='bbox 979 3402 1044 3479; x_wconf 87' lang='lat' dir='ltr'>rel.</span> 
     </span>
    </p>

    <p class='ocr_par' dir='ltr' id='par_1_8' title="bbox 204 3534 1365 4228">
     <span class='ocr_line' id='line_1_23' title="bbox 342 3534 1365 3620; baseline 0.004 -21"><span class='ocrx_word' id='word_1_142' title='bbox 342 3534 598 3620; x_wconf 79' lang='lat' dir='ltr'>Theophrastum</span> <span class='ocrx_word' id='word_1_143' title='bbox 620 3536 677 3599; x_wconf 89' lang='lat' dir='ltr'><strong>III.</strong></span> <span class='ocrx_word' id='word_1_144' title='bbox 699 3537 729 3601; x_wconf 92' lang='lat'>1.</span> <span class='ocrx_word' id='word_1_145' title='bbox 751 3534 771 3602; x_wconf 88' lang='grc'><strong>6</strong></span> <span class='ocrx_word' id='word_1_146' title='bbox 793 3534 883 3616; x_wconf 85' lang='lat' dir='ltr'>dicit,</span> <span class='ocrx_word' id='word_1_147' title='bbox 918 3536 974 3620; x_wconf 90' lang='lat' dir='ltr'>qui</span> <span class='ocrx_word' id='word_1_148' title='bbox 994 3536 1232 3601; x_wconf 85' lang='lat' dir='ltr'>vetustissimus</span> <span class='ocrx_word' id='word_1_149' title='bbox 1255 3544 1365 3603; x_wconf 83' lang='lat' dir='ltr'>auctor</span> 
     </span>
     <span class='ocr_line' id='line_1_24' title="bbox 273 3649 1365 3740; baseline 0.008 -29"><span class='ocrx_word' id='word_1_150' title='bbox 273 3649 332 3734; x_wconf 67' lang='lat' dir='ltr'>luit</span> <span class='ocrx_word' id='word_1_151' title='bbox 359 3652 493 3719; x_wconf 83' lang='lat' dir='ltr'>evidens</span> <span class='ocrx_word' id='word_1_152' title='bbox 514 3652 670 3737; x_wconf 70' lang='lat' dir='ltr'>appellari</span> <span class='ocrx_word' id='word_1_153' title='bbox 691 3652 811 3738; x_wconf 86' lang='lat' dir='ltr'>nequit.</span> <span class='ocrx_word' id='word_1_154' title='bbox 853 3651 996 3717; x_wconf 84' lang='lat' dir='ltr'>Eridens</span> <span class='ocrx_word' id='word_1_155' title='bbox 1020 3655 1105 3719; x_wconf 90' lang='lat' dir='ltr'>enim</span> <span class='ocrx_word' id='word_1_156' title='bbox 1128 3660 1177 3719; x_wconf 86' lang='lat' dir='ltr'>est</span> <span class='ocrx_word' id='word_1_157' title='bbox 1199 3655 1253 3740; x_wconf 86' lang='lat' dir='ltr'>qui</span> <span class='ocrx_word' id='word_1_158' title='bbox 1273 3655 1365 3723; x_wconf 82' lang='lat' dir='ltr'>intel-</span> 
     </span>
     <span class='ocr_line' id='line_1_25' title="bbox 274 3767 1364 3859; baseline 0.002 -23"><span class='ocrx_word' id='word_1_159' title='bbox 274 3767 368 3853; x_wconf 76' lang='lat' dir='ltr'>ligitur</span> <span class='ocrx_word' id='word_1_160' title='bbox 382 3791 447 3836; x_wconf 86' lang='lat' dir='ltr'>uon</span> <span class='ocrx_word' id='word_1_161' title='bbox 461 3771 515 3858; x_wconf 88' lang='lat' dir='ltr'>qni</span> <span class='ocrx_word' id='word_1_162' title='bbox 526 3769 684 3855; x_wconf 79' lang='lat' dir='ltr'>intelligit.</span> <span class='ocrx_word' id='word_1_163' title='bbox 706 3771 1075 3856; x_wconf 23' lang='lat' dir='ltr'>Imquexuetuslissimcs</span> <span class='ocrx_word' id='word_1_164' title='bbox 1094 3771 1200 3837; x_wconf 76' lang='lat' dir='ltr'>littere</span> <span class='ocrx_word' id='word_1_165' title='bbox 1221 3794 1237 3836; x_wconf 85' lang='lat' dir='ltr'>c</span> <span class='ocrx_word' id='word_1_166' title='bbox 1258 3792 1364 3859; x_wconf 88' lang='lat' dir='ltr'>epro-</span> 
     </span>
     <span class='ocr_line' id='line_1_26' title="bbox 274 3887 1365 3973; baseline 0.002 -18"><span class='ocrx_word' id='word_1_167' title='bbox 274 3887 348 3955; x_wconf 77' lang='lat' dir='ltr'>xime</span> <span class='ocrx_word' id='word_1_168' title='bbox 367 3909 446 3956; x_wconf 80' lang='lat' dir='ltr'>voce</span> <span class='ocrx_word' id='word_1_169' title='bbox 484 3888 654 3973; x_wconf 75' lang='lat' dir='ltr'>adsumpto</span> <span class='ocrx_word' id='word_1_170' title='bbox 675 3894 859 3973; x_wconf 87' lang='lat' dir='ltr'>corruptum</span> <span class='ocrx_word' id='word_1_171' title='bbox 890 3908 963 3953; x_wconf 87' lang='lat' dir='ltr'>esse</span> <span class='ocrx_word' id='word_1_172' title='bbox 993 3888 1199 3973; x_wconf 80' lang='lat' dir='ltr'>affirmarem,</span> <span class='ocrx_word' id='word_1_173' title='bbox 1238 3891 1365 3957; x_wconf 75' lang='lat' dir='ltr'>etiamsi</span> 
     </span>
     <span class='ocr_line' id='line_1_27' title="bbox 204 4005 1362 4091; baseline 0.008 -24"><span class='ocrx_word' id='word_1_174' title='bbox 204 4005 205 4030; x_wconf 67' lang='lat'>¹</span> <span class='ocrx_word' id='word_1_175' title='bbox 276 4005 350 4071; x_wconf 87' lang='lat' dir='ltr'>nulle</span> <span class='ocrx_word' id='word_1_176' title='bbox 371 4006 516 4071; x_wconf 82' lang='lat' dir='ltr'>codicum</span> <span class='ocrx_word' id='word_1_177' title='bbox 544 4006 718 4071; x_wconf 72' lang='lat' dir='ltr'>auctoritas</span> <span class='ocrx_word' id='word_1_178' title='bbox 748 4006 925 4071; x_wconf 81' lang='lat' dir='ltr'>accederet.</span> <span class='ocrx_word' id='word_1_179' title='bbox 968 4005 1062 4087; x_wconf 83' lang='lat' dir='ltr'>Quod</span> <span class='ocrx_word' id='word_1_180' title='bbox 1085 4027 1182 4091; x_wconf 91' lang='lat' dir='ltr'>quum</span> <span class='ocrx_word' id='word_1_181' title='bbox 1214 4008 1247 4071; x_wconf 93' lang='lat' dir='ltr'>in</span> <span class='ocrx_word' id='word_1_182' title='bbox 1271 4008 1362 4077; x_wconf 86' lang='lat' dir='ltr'>codd.</span> 
     </span>
     <span class='ocr_line' id='line_1_28' title="bbox 276 4120 1187 4211; baseline 0.003 -25.78"><span class='ocrx_word' id='word_1_183' title='bbox 276 4120 325 4189; x_wconf 68' lang='grc' dir='ltr'>Τὰ</span> <span class='ocrx_word' id='word_1_184' title='bbox 342 4125 501 4211; x_wconf 84' lang='lat' dir='ltr'>integrum</span> <span class='ocrx_word' id='word_1_185' title='bbox 522 4123 658 4209; x_wconf 81' lang='lat' dir='ltr'>legetur,</span> <span class='ocrx_word' id='word_1_186' title='bbox 679 4143 718 4187; x_wconf 90' lang='lat' dir='ltr'>ec</span> <span class='ocrx_word' id='word_1_187' title='bbox 741 4124 857 4189; x_wconf 84' lang='lat' dir='ltr'>certius</span> <span class='ocrx_word' id='word_1_188' title='bbox 877 4122 1095 4209; x_wconf 87' lang='lat' dir='ltr'>recipiendum</span> <span class='ocrx_word' id='word_1_189' title='bbox 1118 4124 1187 4189; x_wconf 91' lang='lat' dir='ltr'>erit.</span> 
     </span>
    </p>
   </div>
   <div class='ocr_carea' id='block_1_7' title="bbox 204 4347 1363 4466">
    <p class='ocr_par' dir='ltr' id='par_1_9' title="bbox 204 4347 1363 4466">
     <span class='ocr_line' id='line_1_29' title="bbox 204 4347 1363 4466; baseline -0.003 -16"><span class='ocrx_word' id='word_1_190' title='bbox 204 4347 205 4396; x_wconf 22' lang='grc'><strong>6</strong></span> <span class='ocrx_word' id='word_1_191' title='bbox 306 4397 332 4462; x_wconf 77' lang='lat'>⁸)</span> <span class='ocrx_word' id='word_1_192' title='bbox 350 4397 372 4449; x_wconf 79' lang='lat' dir='ltr'>R</span> <span class='ocrx_word' id='word_1_193' title='bbox 389 4397 413 4466; x_wconf 76' lang='lat' dir='ltr'>s.</span> <span class='ocrx_word' id='word_1_194' title='bbox 425 4394 459 4449; x_wconf 88' lang='grc'>67</span> <span class='ocrx_word' id='word_1_195' title='bbox 478 4396 609 4464; x_wconf 76' lang='lat' dir='ltr'>,tonitruo</span> <span class='ocrx_word' id='word_1_196' title='bbox 630 4393 735 4459; x_wconf 83' lang='lat' dir='ltr'>crebre,</span> <span class='ocrx_word' id='word_1_197' title='bbox 754 4377 915 4446; x_wconf 79' lang='lat' dir='ltr'>tuncnesci‘</span> <span class='ocrx_word' id='word_1_198' title='bbox 935 4392 1083 4461; x_wconf 83' lang='lat' dir='ltr'>colligitur,</span> <span class='ocrx_word' id='word_1_199' title='bbox 1103 4391 1175 4461; x_wconf 83' lang='lat' dir='ltr'>opud</span> <span class='ocrx_word' id='word_1_200' title='bbox 1189 4392 1363 4447; x_wconf 71' lang='lat' dir='ltr'>Athenaeum</span> 
     </span>
    </p>
   </div>
   <div class='ocr_carea' id='block_1_8' title="bbox 339 4494 1362 4685">
    <p class='ocr_par' dir='ltr' id='par_1_10' title="bbox 339 4494 1362 4685">
     <span class='ocr_line' id='line_1_30' title="bbox 350 4494 1362 4573; baseline -0.004 -18"><span class='ocrx_word' id='word_1_201' title='bbox 350 4504 377 4555; x_wconf 88' lang='lat' dir='ltr'>li.</span> <span class='ocrx_word' id='word_1_202' title='bbox 397 4503 538 4573; x_wconf 73' lang='lat' dir='ltr'>vulgatam</span> <span class='ocrx_word' id='word_1_203' title='bbox 558 4500 703 4554; x_wconf 83' lang='lat' dir='ltr'>lectionem</span> <span class='ocrx_word' id='word_1_204' title='bbox 720 4501 839 4569; x_wconf 70' lang='grc' dir='ltr'><em>βρονταὶ</em></span> <span class='ocrx_word' id='word_1_205' title='bbox 856 4515 882 4568; x_wconf 85' lang='lat' dir='ltr'>p.</span> <span class='ocrx_word' id='word_1_206' title='bbox 901 4498 937 4554; x_wconf 83' lang='grc'>62</span> <span class='ocrx_word' id='word_1_207' title='bbox 955 4499 972 4551; x_wconf 93' lang='lat' dir='ltr'>b</span> <span class='ocrx_word' id='word_1_208' title='bbox 1002 4499 1127 4571; x_wconf 75' lang='grc' dir='ltr'>σκληραὶ,</span> <span class='ocrx_word' id='word_1_209' title='bbox 1148 4494 1209 4551; x_wconf 77' lang='grc' dir='ltr'>τότε</span> <span class='ocrx_word' id='word_1_210' title='bbox 1228 4504 1362 4567; x_wconf 77' lang='grc' dir='ltr'>γίνεσθαι</span> 
     </span>
     <span class='ocr_line' id='line_1_31' title="bbox 339 4601 1362 4685; baseline -0.007 -21"><span class='ocrx_word' id='word_1_211' title='bbox 339 4624 492 4685; x_wconf 56' lang='grc' dir='ltr'>Ι[κηροηιῐιι</span> <span class='ocrx_word' id='word_1_212' title='bbox 511 4624 526 4659; x_wconf 86' lang='lat' dir='ltr'>u</span> <span class='ocrx_word' id='word_1_213' title='bbox 546 4605 715 4660; x_wconf 82' lang='lat' dir='ltr'>Schneidero</span> <span class='ocrx_word' id='word_1_214' title='bbox 740 4612 768 4659; x_wconf 83' lang='lat' dir='ltr'>et</span> <span class='ocrx_word' id='word_1_215' title='bbox 791 4605 936 4659; x_wconf 79' lang='lat' dir='ltr'>Diodorho</span> <span class='ocrx_word' id='word_1_216' title='bbox 958 4607 986 4657; x_wconf 92' lang='lat' dir='ltr'>in</span> <span class='ocrx_word' id='word_1_217' title='bbox 1011 4607 1144 4675; x_wconf 74' lang='grc' dir='ltr'>βρονταὶ,</span> <span class='ocrx_word' id='word_1_218' title='bbox 1170 4601 1277 4675; x_wconf 71' lang='grc' dir='ltr'><strong><em>σκληρὰ</em></strong></span> <span class='ocrx_word' id='word_1_219' title='bbox 1301 4601 1362 4657; x_wconf 77' lang='grc' dir='ltr'><strong><em>τότε</em></strong></span> 
     </span>
    </p>
   </div>
   <div class='ocr_carea' id='block_1_9' title="bbox 353 4718 721 4781">
    <p class='ocr_par' dir='ltr' id='par_1_11' title="bbox 353 4718 721 4781">
     <span class='ocr_line' id='line_1_32' title="bbox 353 4718 721 4781; baseline -0.003 -12"><span class='ocrx_word' id='word_1_220' title='bbox 353 4718 482 4781; x_wconf 53' lang='grc' dir='ltr'>γίνεσθαι</span> <span class='ocrx_word' id='word_1_221' title='bbox 499 4718 632 4775; x_wconf 67' lang='lat' dir='ltr'>mucetum</span> <span class='ocrx_word' id='word_1_222' title='bbox 651 4728 721 4768; x_wconf 81' lang='lat' dir='ltr'>esse.</span> 
     </span>
    </p>
   </div>
   <div class='ocr_carea' id='block_1_10' title="bbox 0 0 1854 5625">
    <p class='ocr_par' dir='ltr' id='par_1_12' title="bbox 0 0 1854 5625">
     <span class='ocr_line' id='line_1_33' title="bbox 0 0 1854 5625; baseline 0 1"><span class='ocrx_word' id='word_1_223' title='bbox 0 0 1854 5625; x_wconf 95' lang='lat' dir='ltr'> </span> 
     </span>
    </p>
   </div>
  </div>
 </body>
</html>
