3700 5625
718 561 820 631 liber
841 561 907 631 xl.
1308 561 1373 628 tor

309 753 386 853 gius
420 753 602 854 spotinm3
654 751 792 828 iidem
838 752 959 828 minus
996 751 1188 845 sollertes,
1235 751 1369 850 quibus

309 889 546 967 obesissimus
570 901 710 969 venter.

335 1041 410 1106 Duo
432 1043 621 1108 ouinmlium
643 1063 769 1130 genera
791 1041 948 1128 distingui
970 1037 1181 1108 menifestum
1202 1049 1268 1118 est,
1287 1060 1367 1124 qun

264 1171 391 1246 propter
412 1163 628 1228 scribendum
652 1181 777 1228 censeo
800 1161 813 1224 i
820 1169 893 1224 tem
915 1183 977 1248 pro
1000 1159 1109 1244 iidem,
1131 1178 1274 1245 quocum
1287 1155 1365 1223 nlibi

262 1299 381 1364 quoque
404 1301 439 1349 v.
463 1301 496 1348 c.
518 1279 631 1365 ΜΘ.
654 1276 879 1344 confunditur.

655 1445 960 1544 255=tn1oo
1379 1465 1442 1532 m

305 1597 416 1673 'Polus
439 1610 564 1674 nutem
586 1609 712 1676 rectus
735 1597 854 1674 estin
878 1597 1043 1674 articulis
1064 1596 1172 1698 pedis
1199 1607 1361 1676 ventre

301 1733 465 1812 eminens
492 1759 692 1832 concavo,
718 1734 758 1810 in
783 1735 957 1810 vertebra
976 1733 1123 1836 ligatus.

330 1885 440 1954 Recte
464 1887 695 1956 Schneiderus
724 1887 820 1956 cuins
841 1884 925 1954 libro
950 1905 1056 1970 segre
1083 1903 1204 1963 coreo,
1230 1885 1360 1972 Silligio

256 2017 333 2072 teste
357 2028 498 2077 sensum
527 2007 610 2094 loci,
642 2008 920 2096 quemadmodum
948 2026 1038 2072 nunc
1065 2004 1199 2090 quidem
1227 2003 1361 2088 legitur,

253 2123 391 2210 ineptum
415 2137 449 2192 et
470 2125 591 2196 fulsum
613 2129 710 2210 dicit,
735 2140 827 2198 recte
852 2129 941 2194 idem
961 2147 1025 2213 pro
1044 2145 1186 2192 roncore
1205 2126 1359 2193 scriben-

252 2231 320 2312 dum
354 2248 488 2314 censuit
524 2269 704 2316 cononmrs:
743 2262 796 2316 est
822 2250 909 2314 enbu
937 2246 1126 2315 contrarius
1152 2255 1249 2310 recto
1279 2243 1357 2310 tulo.

250 2362 387 2431 Prorsus
414 2379 527 2432 nutem
555 2369 774 2436 intolerabilis
799 2379 907 2436 restet
936 2389 1003 2434 vox
1027 2375 1156 2442 vestm
1185 2385 1261 2430 unm
1288 2366 1356 2432 tulo

249 2502 317 2548 cum
340 2497 460 2550 ventre
482 2485 562 2552 nibil
585 2507 759 2556 commune
782 2497 846 2554 est.
899 2484 1023 2552 Plinius
1049 2499 1128 2550 onte
1150 2483 1272 2550 oculos
1293 2485 1357 2550 be-

248 2601 310 2665 buit
325 2603 521 2668 Aristotelis
541 2605 652 2672 locum
667 2604 750 2674 Hist.
760 2605 860 2674 onitu.
875 2605 914 2668 ll.
930 2605 959 2672 1.
972 2625 1005 2687 p.
1014 2602 1089 2669 ⁴99.
1103 2605 1133 2669 b.
1144 2603 1196 2668 27.
1213 2605 1269 2689 qui
1288 2599 1357 2687 ἔχει

247 2718 268 2784 d'
282 2718 392 2806 ipseo,
414 2721 528 2808 iuquit,
551 2720 606 2792 τὸν
623 2721 836 2811 ἀστράγαλον
856 2722 892 2788 ἐν
907 2721 1086 2808 νῇκαμπῇ,
1106 2719 1141 2788 rb
1160 2719 1222 2807 priv
1238 2720 1356 2807 πρανὲς

247 2834 307 2925 ἔξω,
328 2840 362 2909 rb
380 2844 407 2911 δ’
425 2838 538 2911 durior
558 2837 644 2911 εἴσω.
668 2844 775 2920 Quem
795 2854 869 2911 utut
888 2841 995 2909 libere
1016 2851 1052 2909 et
1072 2840 1224 2909 sortasse
1247 2842 1354 2909 minus
1423 2835 1430 2901 ἶ

247 2972 327 3025 recte
348 2961 589 3047 interpretetus
612 2972 675 3045 est,
698 2962 901 3027 exteriorem
920 2970 1031 3025 tomen
1054 2959 1151 3043 pedis
1164 2971 1294 3045 purtem
1309 2964 1352 3027 nb

246 3097 281 3141 en
294 3099 380 3167 quoe
390 3080 563 3147 'introrsus
578 3078 736 3159 flectitur,
753 3077 947 3143 distinxisse
961 3078 1130 3161 putandus
1143 3089 1208 3146 est.
1240 3080 1352 3166 Atque

246 3195 400 3263 issensus
412 3198 556 3263 orationi
568 3196 762 3279 restituitur,
785 3194 840 3259 nbi
852 3192 943 3259 sacili
957 3194 1138 3263 motatione
1153 3196 1349 3280 scripseris:

280 3316 379 3381 Tutus
402 3326 513 3381 nutem
534 3325 643 3381 rectus
664 3316 766 3383 estin
780 3314 929 3381 articulis
946 3313 1040 3401 pedis
1060 3324 1171 3383 retro
1191 3315 1349 3399 mobaris,

279 3458 456 3501 concauus
479 3436 514 3499 ire
535 3433 685 3499 vertebra
706 3434 833 3523 ligatur.

315 3556 364 3621 lto
395 3556 577 3639 opponitur
609 3567 722 3622 rectus
755 3553 841 3623 tolus
874 3575 1047 3634 concere,
1081 3552 1138 3622 illo
1166 3554 1222 3641 qui
1252 3566 1346 3621 retro

243 3675 352 3741 eurinet
373 3676 404 3743 ei
427 3676 483 3761 qui
505 3675 635 3741 flexura
654 3674 786 3743 articuli
806 3674 971 3761 alligatur.
1022 3674 1163 3742 Videtur
1183 3686 1294 3742 nutem
1314 3678 1345 3741 is

243 3794 289 3875 qui
307 3802 424 3859 ventre
441 3791 595 3877 scripsit,
621 3794 810 3859 vertebram
832 3794 964 3877 spinum
984 3792 1202 3861 intellexisse.
1246 3794 1343 3861 Cete-

242 3931 302 3975 rum
324 3911 426 3997 poulo
450 3933 555 3997 supro
577 3914 622 3977 itu
644 3910 947 3997 interpungendum
968 3922 1058 3980 eretz

283 4030 489 4129 cornigero
516 4030 596 4105 sere
630 4028 788 4123 bisulca,
820 4029 939 4105 solida
966 4031 1100 4130 ungule
1125 4040 1165 4105 et
1189 4029 1340 4107 bicorne

281 4168 439 4260 nullum,
464 4166 640 4242 unicorne
661 4166 786 4243 asinus
809 4179 949 4243 tontum
975 4168 1139 4263 Indicus,
1162 4168 1339 4245 unicorne

281 4316 317 4378 ct
339 4304 523 4380 bisulcum
550 4330 658 4404 oryx.

310 4439 398 4504 Nem
420 4460 520 4525 quum
542 4440 720 4524 cornigero
740 4436 813 4505 lere
838 4440 948 4504 omnia
966 4437 1095 4503 bisulco
1118 4460 1196 4505 esse
1218 4442 1340 4508 dixerit

241 4555 370 4643 Plinius,
398 4558 493 4625 vorin
521 4576 649 4643 genero
676 4557 722 4623 ito
754 4556 939 4643 distinguit,
975 4568 1012 4624 ut
1036 4556 1187 4625 bicornia
1216 4560 1338 4639 onurio,
