3700 5625
514 571 578 642 nas
903 588 922 638 .·
951 573 1055 641 uon
1074 574 1184 661 nm.

513 767 608 826 recte
619 757 792 828 Pincianus
812 759 949 846 scripsit
958 759 1079 840 XVssl,
1095 760 1137 827 cl.
1149 761 1282 828 Seneca
1292 763 1347 830 De
1358 765 1552 850 brcvpvitc.
1559 766 1603 838 li.

514 879 657 965 Semper
677 879 764 946 euim
784 879 923 966 paribus
943 881 1092 948 numanis
1114 879 1284 968 elephanti
1310 903 1481 968 pugnasse
1506 886 1604 951 viden·

513 1007 577 1063 tur.
619 998 710 1063 ldctn
722 993 815 1084 §.ab
838 1005 933 1063 recte
954 994 1094 1065 ucodd.
1117 997 1269 1085 vestigiis
1287 998 1458 1096 vulgatam
1477 1003 1604 1086 scriptu·

512 1136 586 1184 narn
611 1137 722 1208 prepes
749 1117 885 1182 mutauit
907 1118 941 1182 in
969 1137 1069 1206 repes.
1111 1116 1264 1184 Elubae
1290 1119 1537 1186 commentariis
1558 1139 1604 1183 ea·

512 1235 624 1320 piendi
642 1236 776 1302 modurn
796 1234 971 1302 exstinctis
990 1233 1129 1320 reginus
1146 1233 1299 1309 relictum
1318 1237 1508 1322 sumpsisse
1527 1237 1604 1304 uide·

513 1365 567 1422 tur
588 1354 723 1419 Plinius.
1141 1355 1146 1362 “

433 1503 492 1571 171
935 1486 1111 1581 32:11,
1126 1471 1187 1562 11‘.

563 1634 826 1713 commoritur
847 1662 891 1712 cu
907 1636 1104 1714 dimicatio
1118 1636 1311 1740 victusque
1326 1666 1508 1718 corruens
1525 1641 1602 1739 (ele-

551 1774 750 1877 pbantns)
777 1773 1011 1872 complexum
1037 1771 1287 1878 (draconem)
1314 1773 1418 1851 elidit
1438 1775 1601 1877 pondero.

593 1934 803 2021 Corrigenda
823 1953 902 2000 esse
924 1932 1030 2017 prima
1049 1932 1156 1997 varbu
1181 1930 1261 1996 vidit
1281 1928 1471 1997 Salmasius
1494 1953 1525 2016 p.
1541 1929 1602 2007 ub,

508 2071 584 2118 nant
609 2073 677 2118 non
704 2071 835 2138 pugna,
863 2049 928 2117 sed
955 2047 1111 2114 animatia
1136 2047 1317 2136 pugnando
1346 2051 1601 2123 commoriuntur,

507 2172 593 2238 sicut
615 2192 692 2235 mox
713 2170 742 2258 §.
755 2169 811 2240 34.
834 2170 1002 2235 dracones
1023 2179 1056 2234 ct
1083 2165 1162 2254 galli
1183 2169 1444 2236 commorientes
1463 2169 1548 2236 infra
1564 2169 1599 2233 X.

506 2269 567 2357 47.Ι
583 2261 803 2374 appellantur.
852 2289 888 2354 ln
913 2285 988 2357 co'd.
1008 2287 1039 2352 R
1061 2287 1150 2353 malc
1172 2288 1331 2354 scribitur
1356 2289 1599 2371 addimicunta5

505 2409 539 2474 iu
552 2404 718 2473 nonnullis
730 2381 824 2470 libris
839 2405 1042 2489 reperiri-uit
1054 2400 1241 2472 Salmasius
1260 2411 1506 2489 cotsmcaituru,
1525 2410 1600 2474 unde

507 2525 618 2594 cliscit
644 2525 882 2591 commonitoris
887 2568 903 2604 2
928 2523 1092 2595 audacius
1114 2543 1199 2592 sanc
1218 2547 1336 2614 'neque
1362 2539 1444 2614 apte
1466 2533 1509 2596 ad
1526 2543 1599 2596 m.

401 2695 416 2722 .
506 2657 635 2714 ctutum
665 2645 853 2712 verborum.
913 2643 1045 2719 Quodsi
1076 2645 1165 2710 euim
1198 2647 1383 2714 subiectum
1412 2652 1599 2728 mutabatur,

504 2764 615 2851 aliquo
637 2773 730 2831 certa
749 2761 918 2835 vocabulo
938 2761 1147 2832 substantivo
1171 2783 1272 2831 unum
1298 2764 1421 2832 animal
1442 2769 1488 2835 ab
1507 2766 1598 2833 altero

505 2882 770 2968 distinguendum
787 2892 870 2948 arat.
894 2879 1040 2945 Pandion
1059 2879 1230 2966 aliquanto
1249 2884 1437 2981 emcndatin
1460 2906 1524 2980 una
1542 2884 1598 2970 syl·

502 3002 581 3067 laba
601 3001 715 3067 addita
736 3000 810 3081 fiet,
839 3000 1116 3087 quemadmodum
1138 3019 1242 3086 supra
1264 3001 1297 3089 §.
1312 3003 1344 3068 9.
1366 3008 1505 3093 egregie
1524 3005 1598 3075 Silli-

502 3122 577 3207 gius
592 3118 767 3185 electione
783 3119 937 3185 codicum
958 3137 1045 3203 „per
1055 3120 1199 3183 cuncta“
1215 3119 1329 3186 effecit
1338 3125 1597 3207 ‚,pcrcunctari“.

503 3239 591 3316 Quid
613 3237 702 3325 quod
728 3260 769 3305 ea
790 3236 922 3326 syllaba
944 3259 1041 3324 quam
1065 3239 1275 3324 requirimus,
1295 3243 1393 3308 adest
1413 3246 1447 3309 in
1469 3247 1540 3312 cod.
1563 3244 1598 3308 d¹

472 3344 475 3354 ⁵
502 3357 576 3426 ic‘ru
603 3359 743 3442 integra.
798 3358 923 3424 Scribit
949 3358 1057 3422 enimc
1083 3378 1110 3422 c.
1132 3380 1158 3424 e.
1180 3354 1346 3424 dimicatio
1368 3384 1411 3427 ue
1429 3366 1596 3460 uictusque,

502 3496 590 3566 quau
615 3470 769 3541 facillime
800 3478 1080 3541 emendanturtn
1108 3477 1198 3544 bunc
1223 3482 1372 3545 modumc
1390 3494 1397 3513 ⁸
1418 3466 1431 3543 .’

649 3594 858 3662 commoritur
879 3592 1170 3694 sutdicsicult'one
1188 3598 1356 3695 uicimus
1376 3602 1450 3682 cpi,

500 3712 534 3777 id
554 3721 608 3779 cst
629 3730 696 3776 una
721 3730 797 3780 cum
822 3712 972 3777 dracone
994 3711 1133 3782 moritur
1158 3713 1375 3801 clcpbantus,
1406 3736 1508 3807 quem
1526 3738 1595 3807 pon·

501 3833 583 3901 dccc
605 3830 768 3917 opprimit.
832 3897 834 3905 ,

422 4009 483 4077 172
566 4020 569 4027 ·
726 3994 728 4001 ’
931 3985 1182 4081 34:12,12

551 4141 786 4241 quomobrem
815 4136 852 4212 in
880 4162 1006 4246 umncs
1033 4165 1176 4243 marsos
1201 4112 1366 4248 insidiari
1396 4143 1592 4225 bibcntibus

397 4257 401 4271 ¹
518 4346 522 4355 .
550 4285 808 4381 coartatosquc
832 4253 978 4381 illigata
1002 4255 1113 4358 mauu
1137 4280 1176 4359 iu
1195 4294 1334 4381 aurem·
1354 4309 1518 4382 morsum
1537 4283 1592 4359 da·

548 4413 679 4513 ligure.
1157 4485 1162 4500 .

581 4545 791 4632 Scripturam
802 4542 972 4632 vulgatam
983 4547 1504 4644 woudmacorcuplamrsote
1524 4564 1592 4623 usn·
