3700 5625
471 755 525 826 ‘28
649 698 658 718 ·
936 757 1026 822 Liber
1045 757 1135 821 XVI.

398 1005 461 1075 am
805 954 821 964 ”
878 1010 951 1084 ass
976 1035 1022 1073 =
1049 1008 1107 1096 rr,
1133 1008 1191 1083 88.
1309 1055 1312 1062 ,

497 1131 508 1144 ”
532 1157 626 1238 Sunt
653 1164 825 1235 auctores
858 1164 894 1233 et
918 1155 1136 1257 Delphicam
1172 1153 1361 1254 platanum
1387 1155 1570 1255 Agamem·
1639 1139 1640 1186 ³

533 1290 642 1370 nonis
681 1314 791 1366 manu
830 1297 945 1366 satam
985 1297 1022 1365 et
1060 1287 1212 1365 alteram
1252 1287 1289 1363 18
1316 1286 1476 1388 Caphyis
1511 1289 1572 1364 Ar.
1639 1367 1640 1379 Ν

533 1425 663 1501 cadiae
690 1422 788 1505 luco.

563 1555 636 1620 Nou
658 1554 748 1619 lucus
770 1554 828 1620 sed
854 1554 1007 1640 oppidum
1035 1505 1164 1621 fuerunt
1187 1551 1358 1640 Osphyac‚
1386 1552 1573 1623 scribendum

482 1661 532 1738 881
551 1673 662 1758 igitur:
684 1678 762 1755 loco,
785 1671 825 1737 cf.
846 1671 1005 1758 Theophr.
1028 1671 1085 1738 IV.
1108 1673 1158 1740 13.
1180 1673 1209 1740 2.

341 1821 352 1861 ⁷
398 1848 461 1918 298
878 1831 950 1904 239
974 1851 1015 1882 =
1044 1831 1098 1916 44,
1126 1830 1185 1904 89.

531 1961 645 2062 Argis
689 1960 773 2040 olea
799 1961 1008 2039 etiamnunc
1046 1963 1177 2038 durare
1204 1961 1352 2052 dicitur,
1405 1961 1574 2059 adquam

530 2093 568 2173 lc
595 2095 633 2171 in·
657 2101 800 2172 taurum
827 2100 1001 2171 mutatam
1026 2094 1154 2192 Argus
1180 2091 1398 2194 alligaverit.
1480 2123 1483 2130 ·

562 2227 614 2293 Sic
642 2227 738 2291 Ianus
760 2249 778 2292 e
800 2225 980 2306 codicibus,
1013 2226 1127 2291 molius
1162 2227 1273 2314 utique
1308 2247 1405 2313 quam
1435 2226 1498 2294 Sill.
1530 2223 1575 2306 qui
1640 2305 1641 2312 ἵ

481 2344 651 2430 evulgata
678 2347 814 2409 lectione
835 2363 960 2407 coccum
989 2344 1136 2430 retinuit,
1167 2343 1281 2408 calhdc
1303 2351 1413 2409 tamen
1441 2349 1537 2408 bovem
1560 2361 1576 2404 8

479 2461 584 2526 Plinio
627 2463 780 2549 scriptum
825 2482 896 2526 8888
940 2462 1085 2528 coniecit.
1128 2462 1223 2538 Quod
1256 2470 1364 2528 autern
1395 2463 1491 2528 Ianus
1518 2479 1575 2525 non

480 2598 593 2643 sexum
616 2580 674 2644 scd
703 2601 822 2645 cornua
842 2553 959 2666 respici
987 2581 1047 2662 811,
1091 2579 1208 2644 ferrem
1229 2580 1381 2663 fortasse,
1425 2581 1452 2645 si
1484 2585 1575 2644 bovem

479 2697 636 2782 legerem,
680 2710 798 2762 laurum
839 2697 991 2761 feminam
1031 2698 1093 2762 dici
1134 2719 1198 2762 non
1239 2698 1318 2763 fero.
1361 2699 1425 2764 Pro
1468 2711 1576 2762 taurum

480 2814 683 2880 scribendum
705 2822 754 2895 881
776 2828 902 2897 tucrum,
924 2805 1014 2880 cuius
1036 2818 1108 2903 1888
1130 2816 1290 2899 sterilitas,
1313 2838 1388 2881 nam
1409 2817 1486 2882 mihi
1506 2836 1575 2903 qno·

479 2954 540 3019 que
556 2936 698 3019 argutari
709 2932 828 3015 licebit,
849 2933 964 2997 Iunoni
981 2933 1139 3019 placebat.
1163 2934 1201 2999 In
1219 2933 1332 2999 eodem
1352 2936 1422 3000 loco
1445 2934 1575 2999 tumulus
1641 2956 1642 3003 l

479 3050 594 3136 Amyci
617 3074 637 3113 a
658 3072 795 3131 supremo
819 3058 868 3115 die
890 3052 910 3116 i.
934 3069 962 3115 8.
986 3052 1094 3116 statim
1128 3059 1203 3138 post
1234 3052 1303 3116 eius
1331 3060 1466 3118 mortem
1493 3054 1575 3116 lauro

479 3168 545 3253 tegi
558 3168 683 3252 dicitur,
706 3168 820 3255 quibus
841 3168 947 3233 verbis
970 3142 1079 3235 nescio
1102 3168 1179 3254 quid
1201 3170 1269 3234 vitii
1282 3170 1389 3234 188888
1402 3169 1440 3234 Ο.
1453 3168 1575 3233 Iahnius

457 3265 510 3350 'in
539 3285 619 3349 mro
652 3308 714 3371 quo
737 3287 777 3351 re
811 3287 893 3351 cista
913 3284 1083 3350 anor-onia
1112 3288 1178 3371 agn
1211 3308 1242 3372 p.
1265 3288 1285 3351 4
1313 3287 1374 3351 cnr
1403 3293 1436 3351 et
1463 3285 1576 3371 singu

477 3403 646 3487 persuasit.

877 3561 946 3634 241
976 3583 1013 3615 =
1043 3562 1100 3648 44,
1128 3561 1186 3634 90.

526 3706 753 3785 Brevissima
777 3706 854 3783 'vila
885 3715 943 3783 est
975 3750 1016 3760 —
1042 3751 1089 3763 -
1116 3705 1221 3783 malis
1249 3713 1286 3783 81
1319 3730 1366 3783 ex
1393 3706 1453 3783 his
1478 3727 1576 3807 prae-

528 3842 680 3920 cocibus
707 3838 856 3917 brevior
881 3862 992 3938 quarn
1025 3839 1215 3930 serotinis,
1261 3838 1432 3917 dulcibus
1475 3824 1576 3939 quain

526 3959 1573 4072 acutis--iteminvitibuspraecipuequefertilioribus.

538 4110 643 4168 Acutis
661 4105 948 4170 mendosumcsse
969 4124 986 4168 8
1008 4103 1222 4189 Theophrasti
1242 4103 1298 4169 IV.
1320 4105 1403 4171 13.2
1430 4104 1533 4195 verbis
1558 4098 1574 4187 ἡ

476 4218 609 4302 81818818
629 4228 685 4307 τῆς
707 4219 817 4299 ὀξείας
837 4229 925 4288 recte
947 4208 1076 4307 collegit
1086 4222 1269 4305 Pinticnus;
1300 4221 1385 4307 quod
1407 4228 1516 4287 autern
1537 4221 1575 4284 ci·

476 4337 550 4402 dem
572 4336 736 4403 substituit
757 4344 865 4421 ocidr's,
887 4342 961 4404 usui
969 4340 1065 4404 Plinii
1086 4345 1253 4424 repugnat.
1275 4338 1358 4402 Nam
1377 4338 1484 4403 dulcia
1498 4338 1576 4402 mula

377 4530 384 4541 l
475 4454 636 4518 contraria
656 4461 732 4519 sunt
749 4462 886 4540 8888118,
909 4458 949 4522 81.
971 4458 1041 4522 XV.
1064 4457 1120 4539 52,
1142 4456 1266 4520 XXIII.
1294 4455 1366 4536 100,
1404 4457 1483 4539 104,
1516 4456 1574 4535 108,

475 4570 562 4657 quod
583 4572 634 4638 hic
656 4593 782 4659 qnoque
809 4575 1028 4661 reponendum
1058 4582 1115 4640 ost.
1155 4576 1193 4640 18
1220 4575 1395 4660 archetypo
1422 4594 1488 4637 una
1523 4574 1575 4659 syl-

475 4689 550 4758 laba
571 4690 694 4757 omissa
715 4691 843 4761 Aonis
865 4694 991 4759 ridetur
1013 4695 1165 4783 scriptum
1186 4694 1302 4779 181888,
1324 4692 1408 4758 male
1430 4692 1574 4783 deinceps

393 3569 473 3688 sco
