3700 5625
396 785 457 850 lat

393 3760 454 3825 125

470 591 516 660 at
930 591 1036 670 Liber
1057 593 1121 661 Vl.

901 779 1001 856 92:
1014 779 1063 857 23
1090 779 1152 858 25·
1174 821 1178 826 ²

523 913 634 989 Haeo
657 913 760 1014 regio
784 924 913 991 estex
939 837 1097 992 advardo
1123 906 1420 1012 Bactrianorum
1449 916 1583 993 deinde

524 1049 630 1126 cuius
656 1052 833 1153 oppidum
853 1053 1082 1130 Alexandria
1108 1078 1131 1128 a
1151 1054 1342 1130 conditore
1364 1054 1517 1130 dictum.

559 1232 671 1300 Docte
694 1234 736 1299 de
759 1245 902 1320 quatuor
931 1234 1088 1321 satrapiis
1117 1255 1203 1320 quac
1226 1233 1295 1302 lroc
1320 1235 1431 1323 capite
1458 1235 1587 1302 descri-

473 1353 607 1432 buntur,
635 1351 703 1437 egit
727 1350 914 1418 Salmasius
938 1376 973 1438 p.
986 1352 1069 1417 1174
1084 1373 1160 1439 sqq.
1179 1352 1234 1421 cll.
1250 1377 1284 1439 p.
1302 1353 1377 1436 794,
1400 1353 1585 1438 Ariamqne

473 1489 548 1534 cum
578 1467 705 1533 Ariana
734 1489 756 1534 a
781 1468 887 1535 Plinio
921 1469 1081 1537 confundi
1113 1469 1302 1538 luculenter
1330 1473 1585 1540 demonstravit.

473 1589 526 1654 Ac
549 1597 666 1653 nostro
686 1587 816 1672 quidem
837 1587 916 1654 loco
931 1591 1101 1657 excidisse
1117 1611 1240 1656 nomen
1254 1589 1356 1659 Atiae
1368 1591 1462 1672 vidit,
1485 1612 1586 1676 qnnm

473 1715 507 1772 et
528 1725 714 1791 pronomen
736 1706 911 1774 relativum
934 1729 1004 1774 nou
1024 1705 1149 1774 lrabeat
1165 1710 1219 1776 cui
1231 1709 1440 1796 respoudeat
1454 1719 1489 1776 et
1504 1707 1586 1776 Ale-

472 1824 614 1890 xandria
641 1825 682 1888 ad
709 1824 908 1910 Cartanam,
937 1849 1036 1914 quam
1062 1827 1208 1894 ultimam
1230 1829 1356 1895 Plinius
1384 1847 1587 1894 commemo-

472 1953 622 2022 raverat,
646 1963 714 2009 non
737 1944 915 2030 pertineat.
950 1944 1088 2012 Leniori
1110 1958 1220 2013 autem
1241 1946 1389 2013 remedio
1416 1945 1497 2012 loco
1518 1966 1588 2010 me-

473 2064 545 2128 deri
571 2073 705 2148 poterat
732 2083 831 2152 quam
860 2085 925 2150 qno
949 2086 1032 2131 usus
1062 2077 1125 2132 est.
1154 2065 1264 2134 Soribi
1289 2064 1377 2132 vult:
1402 2084 1446 2126 cx
1466 2062 1587 2126 adoer-

471 2202 544 2245 sum
565 2179 774 2262 Bactrianos,
794 2181 880 2246 Aria
900 2182 1029 2249 deiude.
1074 2183 1180 2250 Multo
1201 2203 1283 2250 vero
1304 2179 1435 2247 facilior
1457 2180 1522 2244 erit
1544 2201 1588 2245 ea

473 2299 670 2383 coniectura
705 2320 772 2385 qua
797 2321 886 2366 voce
920 2301 1238 2382 ,‚Baotrianorum“
1268 2298 1407 2364 similem
1438 2320 1586 2387 prorsus

473 2419 733 2500 ,‚Arianorum“
767 2418 962 2502 absorptam
996 2439 1076 2484 esse
1107 2418 1294 2484 statuimus.
1347 2417 1444 2490 Quae
1468 2417 1498 2482 si
1525 2419 1589 2482 ad-

473 2537 623 2618 mittitur,
648 2535 735 2599 haec
755 2533 828 2598 lere
853 2534 978 2602 Plinius
1001 2537 1183 2621 scripsisse
1206 2536 1375 2621 putandus
1396 2546 1466 2601 est:

515 2655 613 2719 Haec
632 2654 719 2742 rapio
737 2661 785 2717 cat
816 2673 861 2718 ex
881 2651 1020 2717 adverto
1041 2651 1318 2736 Bactrianorum
1342 2652 1588 2718 Artanorom

515 2759 636 2829 deiude
656 2763 750 2827 catius
770 2761 833 2828 rel.

488 2874 492 2881 ’
554 2880 660 2946 Paulo
687 2880 772 2947 infra
804 2878 962 2967 oppidum
994 2876 1212 2966 Artacabane
1244 2882 1333 2947 idem
1367 2900 1446 2946 esse
1480 2891 1585 2965 atque

472 3002 692 3068 Artacoanna
711 3000 800 3085 quod
821 2984 921 3065 modo
948 2999 1192 3081 nominaverat,
1216 2998 1427 3065 manifestum
1448 3011 1519 3065 est:
1551 3000 1586 3063 in

465 3120 628 3215 'mutando
642 3129 753 3183 tamen
771 3117 903 3183 nomine
924 3120 1080 3185 cautione
1104 3138 1191 3205 opus
1212 3118 1286 3197 erit,
1314 3139 1413 3205 quum
1433 3116 1585 3183 fortasse

472 3260 515 3303 ex
541 3236 607 3306 alio
630 3247 770 3305 auctore
786 3236 955 3304 diversam
968 3237 1119 3321 formam,
1142 3238 1175 3301 in
1202 3252 1498 3324 quwmagnoperc
1523 3258 1584 3303 va-

470 3359 556 3422 riant
579 3368 734 3435 veteres,
763 3358 947 3441 acceperit.
1000 3357 1156 3423 Proxime
1184 3355 1226 3420 ad
1245 3349 1464 3441 Ἀρνακαῦαν,
1485 3355 1585 3423 sicuti

471 3478 514 3541 ab
536 3474 665 3540 lsidoro
685 3474 783 3539 Char.
798 3498 831 3560 p.
845 3472 876 3539 8.
904 3472 1108 3561 appellatur,
1132 3471 1281 3548 accedit;
1308 3491 1413 3559 quare
1440 3471 1587 3542 litteram

469 3594 498 3659 B
526 3614 589 3681 pro
614 3588 645 3655 V
673 3591 819 3679 positam
846 3612 926 3657 esse
953 3584 1151 3678 putaverim.

902 3753 954 3828 96
967 3788 1004 3819 =
1019 3752 1082 3848 23,
1096 3752 1160 3828 26.

586 3890 751 3969 indicare
769 3887 953 3984 convenit,
968 3912 1062 3988 quae
1074 3889 1199 3990 prodit
1214 3884 1449 3964 Onesicritus
1463 3887 1585 3963 classe

521 4028 721 4104 Alexandri
754 4028 1024 4103 circumvectus
1052 4026 1091 4100 in
1119 4025 1391 4101 mediterranea
1413 4022 1585 4099 Persidis

521 4190 569 4241 ex
596 4164 721 4259 India,
752 4175 900 4239 narrata
935 4163 1104 4264 proxime
1137 4162 1295 4256 aluba‚
1333 4158 1469 4235 deinde
1502 4184 1584 4235 eam

519 4298 808 4399 navigationem,
842 4325 937 4401 quae
967 4298 1026 4375 his
1058 4298 1160 4375 aunis
1196 4306 1385 4399 comperta
1413 4307 1584 4373 servatur

519 4435 642 4512 hodie.
672 4435 873 4513 onesicriti
894 4448 933 4513 ot
949 4435 1113 4513 Nearchi
1137 4435 1320 4537 navigatio
1345 4458 1415 4509 noc
1435 4434 1584 4509 nomina

518 4573 629 4649 habet
642 4572 869 4649 mansionum
885 4596 955 4651 neo
970 4551 1103 4673 spatia,
1121 4572 1355 4674 priorumque
1377 4569 1580 4669 Xylcne-
