3700 5625
472 696 515 766 52
912 696 1003 762 Liber
1019 697 1144 760 XVIII.
1269 767 1275 772 ,
1378 767 1380 776 y

395 902 451 936 ³¹·
474 901 588 975 ortum,
609 877 645 955 ut
664 897 752 955 recte
773 890 813 955 ab
835 891 913 955 lano
936 913 973 976 p.,
990 890 1070 956 XVI
1092 898 1279 956 annotatum
1301 897 1352 955 est
1374 911 1393 955 e
1415 889 1560 973 ottenis,

473 1009 559 1100 quod
587 1009 619 1072 in
648 1008 723 1072 hist.
750 1008 850 1092 plant.
873 1007 961 1074 VIII.
984 1011 1013 1074 4.
1037 1008 1057 1075 3
1078 1007 1202 1094 legitur.
1246 1007 1351 1083 Quum
1385 1014 1488 1071 autem
1507 1026 1561 1070 non

472 1125 624 1202 hocloco
644 1125 711 1188 solo
740 1144 760 1185 a
781 1122 996 1206 Theophrasti
1018 1125 1232 1211 descriptione
1253 1124 1376 1188 Plinius
1409 1123 1562 1188 recesserit

475 1246 595 1328 (genus
617 1243 701 1305 enim
724 1241 889 1325 spoudian,
912 1243 1042 1328 egregie
1064 1242 1162 1308 aSill.
1182 1241 1365 1306 restitutum
1374 1239 1460 1325 apud
1471 1239 1561 1303 Theo·

471 1359 636 1444 phrastum
658 1377 723 1421 non
749 1359 852 1441 magis
874 1359 991 1444 legitur
1019 1379 1115 1444 quam
1139 1333 1307 1442 Sophoclis
1336 1349 1448 1422 versus
1469 1376 1487 1420 e
1505 1355 1563 1420 Tn'·

472 1476 612 1561 ptolem‘o
634 1473 743 1537 fabula
764 1475 951 1558 repetitus),
985 1495 1004 1538 s
1026 1474 1190 1540 codicibus
1212 1474 1361 1538 standum
1391 1471 1563 1562 legendum·

474 1599 536 1677 q'ue
558 1597 607 1654 est
628 1596 784 1668 ectropion.
806 1593 851 1655 At
872 1599 984 1655 contra
1004 1589 1079 1655 iude
1095 1592 1154 1674 a§.
1162 1592 1203 1659 69
1217 1590 1431 1676 Theophrasti
1444 1589 1565 1673 vestigia

472 1708 561 1793 legit,
592 1708 701 1792 itaque
723 1709 751 1790 ξ.
774 1707 815 1774 70
835 1714 965 1772 silanion
991 1712 1029 1788 [a
1043 1715 1132 1783 σῖτος
1147 1705 1293 1784 ductum)
1319 1727 1361 1771 ex
1382 1706 1456 1772 hist.
1477 1707 1564 1791 pleni.
1644 1775 1645 1784 χ

473 1824 562 1889 VIII.
576 1825 638 1891 23
658 1825 836 1908 scripturae
859 1823 1006 1911 codicum
1022 1831 1157 1888 setanion
1179 1824 1230 1888 vel
1251 1804 1384 1888 celemon
1406 1823 1565 1887 substitua-

473 1950 525 2008 tur
545 1947 681 2027 oportet,

227 2174 237 2203 s
347 2210 351 2226 ‚
390 2147 453 2220 34ss
909 2109 1147 2204 cc'=r,12.

472 2244 623 2335 Interea
645 2246 741 2309 tritici
761 2264 898 2330 genera,
935 2265 1017 2331 quae
1039 2245 1176 2309 Romam
1199 2243 1408 2324 invehuntur,
1441 2259 1565 2306 comme·
1644 2247 1645 2285 ³

473 2370 617 2426 moratur
638 2362 735 2425 etiam
757 2367 945 2444 Boeoticum,
970 2363 1063 2443 male,
1096 2379 1200 2448 neque
1223 2333 1308 2424 enim
1325 2358 1463 2424 Boeotia
1482 2355 1566 2422 Plinii
1643 2342 1645 2402 Ϊ

474 2486 580 2544 aetate
602 2478 747 2564 frugibus
770 2478 979 2542 abundabatz'
990 2482 1142 2542 Raeticum
1159 2475 1380 2562 reponendum
1396 2481 1446 2539 est
1459 2495 1477 2538 e
1490 2471 1567 2557 §.bb

474 2595 560 2683 quod
581 2595 697 2661 incod
710 2617 733 2664 ¹a
755 2601 909 2660 Boetieum
923 2596 1072 2664 scribitur
1091 2596 1153 2660 lovi
1169 2595 1246 2658 vitio
1267 2593 1446 2677 eodemque
1468 2589 1506 2654 ed
1526 2589 1566 2652 in·
1643 2605 1645 2639 t

475 2714 719 2799 terpolationem
741 2714 882 2798 proclivi.

392 2982 455 3051 347
908 2928 955 2999 67
980 2944 1021 2976 ²·
1047 2926 1143 3009 7.,12.

388 3074 392 3083 ·
525 3055 604 3132 Lex
631 3062 732 3132 certe
758 3061 909 3131 nathae
935 3059 974 3127 ut
1000 3049 1076 3127 rel.'

480 3273 483 3278 ‚
557 3192 593 3253 In
615 3187 685 3253 cod.
708 3195 823 3272 apost
844 3210 873 3251 v.
902 3197 1035 3250 naturae
1064 3168 1201 3267 spatium
1236 3180 1371 3244 duarum
1404 3177 1568 3243 litterarum
1644 3196 1645 3209 ¹

476 3326 611 3372 vacuum
632 3306 830 3389 relinquitur,
862 3302 949 3390 quod
971 3301 1069 3367 verbo
1093 3313 1137 3363 eet
1158 3295 1353 3383 explendum
1376 3306 1448 3360 esse
1470 3314 1487 3357 e
1507 3276 1570 3379 pro·
1644 3312 1645 3335 ¹

475 3425 562 3513 ximo
591 3421 744 3487 vocabulo
777 3422 973 3506 iutelligitur.
1017 3420 1045 3501 ξ.
1067 3418 1108 3485 68
1140 3436 1182 3480 ex
1203 3413 1317 3479 eodem
1340 3411 1409 3478 cod.
1435 3410 1568 3476 ascribo
1644 3418 1645 3449 ³

476 3545 636 3620 Hispania.
668 3539 696 3620 ἓ.
719 3539 760 3606 71
794 3545 935 3630 quidem,
970 3535 1055 3622 quod
1093 3533 1180 3597 dedit
1202 3532 1269 3632 bill.
1303 3530 1443 3594 servavit
1474 3530 1569 3605 lanus,
1644 3510 1645 3571 l

476 3677 643 3743 operarum
666 3655 742 3719 vitio
764 3642 968 3719 tribuendum
996 3672 1068 3717 esse
1090 3650 1247 3714 existimo.
1290 3646 1464 3742 Vulgatam
1495 3643 1568 3708 enim

474 3775 645 3839 lectionem
667 3778 794 3863 quidem,
815 3770 857 3835 ad
878 3792 974 3857 quam
996 3771 1115 3833 nullam
1136 3768 1311 3851 scripturae
1333 3761 1587 3862 discrepantium.

476 3892 582 3955 afferri
603 3893 707 3973 video,
727 3889 902 3974 particula,
933 3908 997 3974 qua
1018 3884 1258 3967 Theophrastus
1279 3880 1333 3945 IV.
1354 3882 1385 3946 4.
1410 3878 1570 3953 leuetur,

474 4014 621 4095 μάλιστα
642 4012 681 4077 δέ
703 4007 894 4074 defenditur.

926 4158 1131 4246 T5=7,15.

501 4292 771 4393 hippocrates
797 4316 818 4368 e
845 4288 1058 4367 clarissimis
1085 4285 1290 4362 medicinae
1316 4281 1482 4372 scientia.

558 4423 638 4489 Ood.
662 4426 695 4488 al
715 4408 876 4505 scientiae,
908 4442 1002 4508 quem
1024 4418 1206 4505 genetivum
1235 4414 1398 4499 qualitatIs
1432 4409 1567 4497 equidem
1644 4428 1645 4493 p

475 4546 626 4629 vulgatae
654 4541 876 4624 praetulerim
909 4541 994 4602 inter
1025 4534 1174 4619 exempla
1195 4532 1279 4597 enirn
1308 4552 1328 4595 a
1362 4529 1568 4612 Grasbergere
1644 4544 1645 4597 l

475 4682 506 4745 p.
535 4660 576 4727 29
598 4660 695 4723 allata
718 4656 815 4720 etiam
838 4654 958 4739 duplex
979 4652 1145 4739 genetivus
1167 4649 1226 4715 XI.
1243 4650 1284 4717 86
1309 4648 1475 4733 reperitur.

393 4234 455 4305 348
