3700 5625
473 558 520 627 db
942 549 1044 619 luber
1063 550 1129 620 IV.

495 743 640 824 :atam
668 765 766 821 asse:
780 751 864 816 eam
894 746 939 815 at
958 732 1341 817 oontmlausitanium
1368 732 1603 814 arbitrantur

419 938 425 947 .
521 881 738 979 'eodemque
760 874 908 954 nomba
928 860 1157 998 quibudam
1177 871 1230 949 ibi
1257 854 1454 973 appellant.

520 1039 524 1046 '
565 1032 662 1099 Duas
690 1049 774 1117 esse
797 1006 926 1094 insulas
953 1028 1049 1093 circa
1067 1022 1181 1092 Baetis
1210 1024 1298 1091 ostia
1318 996 1433 1090 narrat
1454 1018 1602 1101 Plinius,

482 1153 622 1240 quarum
644 1130 784 1216 alteram
802 1168 823 1212 a
838 1144 961 1211 Poenis
974 1144 1101 1229 ¹Gadir,
1123 1145 1264 1212 alteram
1285 1142 1458 1231 Erythiam
1479 1120 1604 1227 appel·

481 1241 555 1339 lari.
597 1267 666 1334 lam
687 1247 779 1332 initio
800 1248 884 1331 satis
907 1266 1020 1332 mirari
1041 1243 1186 1352 nequeo,
1207 1260 1357 1365 curSlll,
1377 1282 1477 1348 quum
1501 1278 1605 1345 egre·

484 1392 572 1479 giam
595 1386 735 1453 Pintiani
758 1381 1024 1452 emendationem
1047 1376 1227 1475 oboripio'es
1253 1374 1315 1472 pro
1338 1382 1489 1450 codicum
1512 1378 1608 1446 scri-

483 1519 584 1594 ptura
609 1504 651 1569 ab
679 1504 810 1594 eripior
832 1506 906 1567 com
933 1478 1106 1585 Hardu'ino
1138 1505 1343 1589 recepisset,
1374 1522 1449 1569 cum
1479 1498 1606 1565 eodem

485 1625 716 1695 necessarium
731 1602 879 1710 ¹prorsus
902 1598 1118 1690 coniecturae
1141 1610 1228 1687 illius
1255 1616 1523 1706 supplementum
1544 1639 1604 1681 eo-

421 1768 433 1804 ι
486 1768 562 1810 rum
591 1764 613 1810 a
641 1742 807 1810 Salmasio
838 1763 870 1828 p.
889 1735 961 1809 284.
988 1742 1236 1828 suppeditatum
1265 1737 1491 1829 spernendum
1522 1756 1609 1803 esse

488 1865 648 1945 duxerit..
672 1862 809 1929 Minime
829 1862 918 1951 enim
939 1863 982 1929 de
1005 1862 1206 1943 Poenorum,
1228 1862 1318 1949 quod
1338 1858 1441 1927 voluit
1460 1856 1610 1935 Eordoi·

487 2006 563 2063 nus,
587 1980 817 2049 conditoribus
839 1999 952 2047 sermo
975 1991 1039 2047 est.
1081 1980 1166 2045 Nam
1188 1981 1231 2045 ab
1252 1980 1337 2066 ipsis
1359 1979 1470 2067 Tyriis
1492 1997 1610 2064 neque

488 2125 571 2170 vero
594 2123 615 2168 a
638 2099 759 2167 Poenis
777 2098 906 2166 insulas
929 2097 1069 2183 primum
1089 2096 1257 2163 habitatus
1279 2116 1358 2163 esse
1379 2117 1447 2164 nno
1468 2118 1531 2163 ore
1551 2095 1612 2163 lo-

489 2228 634 2309 quuntur
655 2230 815 2286 auctores
834 2225 972 2285 veteres
994 2218 1060 2283 iam
1083 2237 1104 2282 a
1126 2212 1292 2284 Salmasio
1314 2212 1448 2283 laudati.
1491 2212 1611 2303 Atque

487 2326 598 2433 ipsum
628 2338 835 2404 Hardoinum
866 2327 982 2402 eorum
1007 2336 1235 2423 praelatorum
1265 2335 1371 2402 fuisse
1402 2354 1611 2423 persuasum

488 2457 612 2536 habeo,
631 2457 661 2523 si
680 2454 821 2542 legisset
840 2456 941 2524 codd.
965 2451 1039 2518 Ata
1061 2476 1178 2519 euram
1204 2452 1224 2519 d
1248 2478 1363 2520 earum
1382 2455 1523 2523 habere.

511 2593 514 2598 ’
574 2575 743 2643 Enuntiati
764 2572 864 2641 finem
885 2574 931 2638 ita
952 2582 988 2637 ut
1009 2593 1114 2658 sopra
1134 2573 1257 2661 legitur
1279 2567 1427 2641 exhibuit
1448 2571 1613 2663 Siltigtus,

488 2688 576 2763 ⁴sane
603 2685 623 2761 e
652 2692 813 2760 librorum
835 2694 920 2759 Mss.
948 2688 1034 2772 lide,
1063 2713 1141 2758 nam
1168 2690 1258 2780 quod
1284 2692 1316 2758 R
1339 2688 1443 2765 habet
1469 2694 1614 2759 condam

493 2816 613 2904 eodem
630 2814 729 2894 redit,
751 2814 813 2881 sed
836 2810 955 2900 quovis
977 2810 1082 2879 sensu
1103 2825 1286 2879 carentem.
1313 2815 1613 2900 Quumenimpar·

493 2934 596 3002 ticula
625 2932 792 3029 quondam
815 2933 859 2998 ad
880 2943 1012 3017 tempus
1038 2931 1172 3019 aliquod
1194 2930 1459 3019 praeterlapsnm
1482 2931 1613 3000 refera-

494 3067 579 3132 mur,
600 3051 754 3139 proximo
778 3047 884 3117 verbo
907 3048 952 3115 ad
974 3050 1082 3137 ipsius
1102 3049 1282 3138 scriptoris
1303 3049 1615 3120 aetatcmiubemnr

494 3175 624 3254 redire,
656 3151 713 3259 qul
729 3167 862 3258 ¹librum
885 3191 907 3235 a
926 3167 1112 3256 Pomponio
1133 3151 1226 3238 Mela
1248 3193 1356 3258 nuper
1385 3171 1612 3257 conscriptum

497 3304 574 3360 ante
596 3274 716 3359 oculos
738 3287 898 3358 habuisse
920 3291 1089 3375 putandus
1113 3301 1175 3358 est.
1217 3289 1319 3358 Libro
1343 3289 1429 3358 enim
1450 3281 1504 3358 lll.
1526 3311 1557 3356 c.
1577 3289 1611 3360 6.

495 3411 589 3477 mera
609 3409 666 3475 aar
688 3393 708 3496 ej
729 3407 880 3493 pumma
903 3408 1022 3475 nauus
1045 3384 1196 3488 aaaron
1218 3393 1362 3477 exorsus
1379 3409 1615 3507 'nobilissimas

499 3522 670 3623 describit,
692 3527 833 3610 alteram
855 3546 877 3590 a
895 3521 1047 3593 Gadibus
1068 3525 1102 3593 in
1122 3525 1297 3596 Lusitania
1309 3525 1481 3618 Erythiam
1502 3541 1615 3598 vocat

500 3644 687 3725 Quamnam
701 3625 908 3731 potissimum
924 3645 1012 3710 inter
1032 3645 1150 3731 plures
1161 3646 1205 3714 ibi
1217 3647 1302 3717 sitas
1314 3645 1491 3734 significet,
1513 3669 1617 3736 quae·

495 3782 578 3836 'tere
601 3748 726 3833 distulit
746 3760 888 3840 Plinius,
917 3756 1062 3849 aliquam
1084 3767 1262 3832 etiamnum
1286 3787 1366 3838 esse
1386 3757 1539 3845 tradidit,
1567 3767 1618 3832 id·

502 3890 568 3978 que
580 3884 687 3954 Solini
700 3863 816 3952 verbis
832 3870 1060 3964 confirmatur,
1070 3878 1127 3971 qui
1139 3883 1216 3950 dnm
1229 3881 1370 3952 eandem
1380 3871 1619 3978 ¹quaestionem

503 3992 624 4094 agitat,
656 3992 827 4091 praesenti
866 4003 1020 4086 tempore
1052 4001 1154 4069 utitur
1185 4003 1394 4069 Lruitooiom
1428 4011 1618 4072 cosmetur.

437 4126 460 4146 ''
502 4125 612 4192 Recte
632 4122 733 4210 igitur
751 4121 821 4190 Sili
840 4120 1012 4208 volgatam
1029 4117 1210 4190 lectionem
1235 4123 1402 4219 pwadom
1419 4117 1621 4210 appellatam

505 4243 660 4332 codicum
680 4253 860 4333 praeterea
878 4240 1077 4324 auctoritati¹
1090 4242 1293 4326 contrariam
1313 4241 1458 4329 reliquit,
1486 4252 1620 4310 rernm.

505 4376 619 4431 tamen
639 4361 947 4462 tumscribendnm
965 4358 995 4428 ei
1017 4358 1094 4428 fuit:

547 4483 638 4551 Sam
657 4484 715 4580 pai
736 4481 835 4545 oliam
855 4503 924 4549 ctae
944 4462 1070 4543 comet
1090 4457 1208 4544 contro
1226 4427 1619 4566 lardaniom'orbiirett·

549 4611 615 4685 tur,
637 4599 812 4695 cariorque
829 4599 960 4666 nomiae
979 4595 1177 4691 quondam
1199 4591 1245 4662 itt
1265 4590 1437 4684 appellarat.
