<?xml version="1.0" encoding="UTF-8"?>
<!DOCTYPE html PUBLIC "-//W3C//DTD XHTML 1.0 Transitional//EN"
    "http://www.w3.org/TR/xhtml1/DTD/xhtml1-transitional.dtd">
<html xmlns="http://www.w3.org/1999/xhtml" xml:lang="en" lang="en">
 <head>
  <title>
</title>
<meta http-equiv="Content-Type" content="text/html;charset=utf-8" />
  <meta name='ocr-system' content='tesseract 3.04.00' />
  <meta name='ocr-capabilities' content='ocr_page ocr_carea ocr_par ocr_line ocrx_word'/>
</head>
<body>
  <div class='ocr_page' id='page_1' title='image "./vindiciaeplinia01urligoog_0141.png"; bbox 0 0 3700 5625; ppageno 0'>
   <div class='ocr_carea' id='block_1_1' title="bbox 688 573 1359 661">
    <p class='ocr_par' dir='ltr' id='par_1_1' title="bbox 688 573 1359 661">
     <span class='ocr_line' id='line_1_1' title="bbox 688 573 1359 661; baseline 0.003 -19"><span class='ocrx_word' id='word_1_1' title='bbox 688 573 796 642; x_wconf 64' lang='lat' dir='ltr'>,aaa</span> <span class='ocrx_word' id='word_1_2' title='bbox 817 575 906 646; x_wconf 78' lang='grc' dir='ltr'>νη.</span> <span class='ocrx_word' id='word_1_3' title='bbox 1041 655 1045 661; x_wconf 50' lang='grc'>,</span> <span class='ocrx_word' id='word_1_4' title='bbox 1295 575 1359 644; x_wconf 82' lang='lat' dir='ltr'>uu</span> 
     </span>
    </p>
   </div>
   <div class='ocr_carea' id='block_1_2' title="bbox 296 758 1359 1536">
    <p class='ocr_par' dir='ltr' id='par_1_2' title="bbox 296 758 1359 1536">
     <span class='ocr_line' id='line_1_2' title="bbox 298 758 1359 865; baseline 0.008 -32"><span class='ocrx_word' id='word_1_5' title='bbox 298 758 503 853; x_wconf 78' lang='lat' dir='ltr'>insolito,</span> <span class='ocrx_word' id='word_1_6' title='bbox 536 760 642 836; x_wconf 83' lang='lat' dir='ltr'>tarde</span> <span class='ocrx_word' id='word_1_7' title='bbox 677 772 715 838; x_wconf 88' lang='lat' dir='ltr'>et</span> <span class='ocrx_word' id='word_1_8' title='bbox 741 775 925 862; x_wconf 78' lang='lat' dir='ltr'>tamqnam</span> <span class='ocrx_word' id='word_1_9' title='bbox 957 761 997 838; x_wconf 92' lang='lat' dir='ltr'>in</span> <span class='ocrx_word' id='word_1_10' title='bbox 1022 764 1239 865; x_wconf 79' lang='lat' dir='ltr'>exsequias,</span> <span class='ocrx_word' id='word_1_11' title='bbox 1273 787 1359 843; x_wconf 75' lang='lat' dir='ltr'>cnm</span> 
     </span>
     <span class='ocr_line' id='line_1_3' title="bbox 298 895 1358 998; baseline 0.005 -29"><span class='ocrx_word' id='word_1_12' title='bbox 298 895 491 972; x_wconf 86' lang='lat' dir='ltr'>resistendi</span> <span class='ocrx_word' id='word_1_13' title='bbox 543 905 893 994; x_wconf 86' lang='lat' dir='ltr'>sacroquesanctum</span> <span class='ocrx_word' id='word_1_14' title='bbox 939 898 1145 998; x_wconf 91' lang='lat' dir='ltr'>repellendi</span> <span class='ocrx_word' id='word_1_15' title='bbox 1183 899 1244 976; x_wconf 88' lang='lat' dir='ltr'>ins</span> <span class='ocrx_word' id='word_1_16' title='bbox 1283 924 1358 974; x_wconf 94' lang='lat' dir='ltr'>non</span> 
     </span>
     <span class='ocr_line' id='line_1_4' title="bbox 298 1031 1356 1136; baseline 0.002 -30"><span class='ocrx_word' id='word_1_17' title='bbox 298 1043 405 1127; x_wconf 88' lang='lat' dir='ltr'>esset,</span> <span class='ocrx_word' id='word_1_18' title='bbox 432 1031 581 1110; x_wconf 86' lang='lat' dir='ltr'>virtutis</span> <span class='ocrx_word' id='word_1_19' title='bbox 613 1057 703 1108; x_wconf 88' lang='lat' dir='ltr'>suae</span> <span class='ocrx_word' id='word_1_20' title='bbox 730 1057 846 1134; x_wconf 88' lang='lat' dir='ltr'>opera</span> <span class='ocrx_word' id='word_1_21' title='bbox 872 1041 910 1112; x_wconf 87' lang='lat' dir='ltr'>ct</span> <span class='ocrx_word' id='word_1_22' title='bbox 945 1061 1126 1112; x_wconf 80' lang='lat' dir='ltr'><strong>censurae</strong></span> <span class='ocrx_word' id='word_1_23' title='bbox 1152 1032 1356 1136; x_wconf 84' lang='lat' dir='ltr'>periturns,</span> 
     </span>
     <span class='ocr_line' id='line_1_5' title="bbox 296 1167 1358 1270; baseline 0.003 -28"><span class='ocrx_word' id='word_1_24' title='bbox 296 1193 401 1267; x_wconf 85' lang='lat' dir='ltr'>aegre</span> <span class='ocrx_word' id='word_1_25' title='bbox 434 1167 583 1242; x_wconf 93' lang='lat' dir='ltr'>tribuno</span> <span class='ocrx_word' id='word_1_26' title='bbox 618 1167 681 1266; x_wconf 89' lang='lat' dir='ltr'>qui</span> <span class='ocrx_word' id='word_1_27' title='bbox 711 1168 964 1244; x_wconf 78' lang='lat' dir='ltr'>intercederet</span> <span class='ocrx_word' id='word_1_28' title='bbox 992 1179 1144 1270; x_wconf 90' lang='lat' dir='ltr'>reperto</span> <span class='ocrx_word' id='word_1_29' title='bbox 1178 1195 1200 1245; x_wconf 91' lang='lat' dir='ltr'>a</span> <span class='ocrx_word' id='word_1_30' title='bbox 1231 1167 1358 1245; x_wconf 89' lang='lat' dir='ltr'>limine</span> 
     </span>
     <span class='ocr_line' id='line_1_6' title="bbox 296 1301 1356 1408; baseline 0.002 -30"><span class='ocrx_word' id='word_1_31' title='bbox 296 1306 371 1406; x_wconf 92' lang='lat' dir='ltr'>ipso</span> <span class='ocrx_word' id='word_1_32' title='bbox 400 1303 532 1380; x_wconf 89' lang='lat' dir='ltr'>mortis</span> <span class='ocrx_word' id='word_1_33' title='bbox 559 1317 776 1397; x_wconf 84' lang='lat' dir='ltr'>revocatus3</span> <span class='ocrx_word' id='word_1_34' title='bbox 803 1303 922 1383; x_wconf 90' lang='lat' dir='ltr'>alieno</span> <span class='ocrx_word' id='word_1_35' title='bbox 946 1305 1129 1382; x_wconf 89' lang='lat' dir='ltr'>beneficio</span> <span class='ocrx_word' id='word_1_36' title='bbox 1150 1313 1283 1408; x_wconf 87' lang='lat' dir='ltr'>postea</span> <span class='ocrx_word' id='word_1_37' title='bbox 1304 1301 1356 1380; x_wconf 86' lang='lat' dir='ltr'>vi·</span> 
     </span>
     <span class='ocr_line' id='line_1_7' title="bbox 296 1413 1356 1536; baseline 0 -22"><span class='ocrx_word' id='word_1_38' title='bbox 296 1413 345 1515; x_wconf 88' lang='lat' dir='ltr'>xit</span> <span class='ocrx_word' id='word_1_39' title='bbox 360 1440 468 1516; x_wconf 92' lang='lat' dir='ltr'>bouis</span> <span class='ocrx_word' id='word_1_40' title='bbox 484 1440 570 1515; x_wconf 92' lang='lat' dir='ltr'>inde</span> <span class='ocrx_word' id='word_1_41' title='bbox 593 1440 701 1515; x_wconf 89' lang='lat' dir='ltr'>etium</span> <span class='ocrx_word' id='word_1_42' title='bbox 732 1441 958 1516; x_wconf 89' lang='lat' dir='ltr'>consecratis</span> <span class='ocrx_word' id='word_1_43' title='bbox 987 1464 1008 1515; x_wconf 93' lang='lat' dir='ltr'>a</span> <span class='ocrx_word' id='word_1_44' title='bbox 1033 1438 1245 1517; x_wconf 85' lang='lat' dir='ltr'>damnato</span> <span class='ocrx_word' id='word_1_45' title='bbox 1274 1463 1356 1536; x_wconf 90' lang='lat' dir='ltr'>sno,</span> 
     </span>
    </p>
   </div>
   <div class='ocr_carea' id='block_1_3' title="bbox 297 1575 1355 1676">
    <p class='ocr_par' dir='ltr' id='par_1_3' title="bbox 297 1575 1355 1676">
     <span class='ocr_line' id='line_1_8' title="bbox 297 1575 1355 1676; baseline 0.002 -27"><span class='ocrx_word' id='word_1_46' title='bbox 297 1589 478 1676; x_wconf 87' lang='lat' dir='ltr'>tamqnam</span> <span class='ocrx_word' id='word_1_47' title='bbox 511 1599 639 1674; x_wconf 86' lang='lat' dir='ltr'>parum</span> <span class='ocrx_word' id='word_1_48' title='bbox 672 1588 774 1650; x_wconf 86' lang='lat' dir='ltr'>esset</span> <span class='ocrx_word' id='word_1_49' title='bbox 798 1575 960 1652; x_wconf 85' lang='lat' dir='ltr'>faucium</span> <span class='ocrx_word' id='word_1_50' title='bbox 990 1587 1092 1652; x_wconf 89' lang='lat' dir='ltr'>reste</span> <span class='ocrx_word' id='word_1_51' title='bbox 1122 1576 1355 1671; x_wconf 86' lang='lat' dir='ltr'>intortarum,</span> 
     </span>
    </p>
   </div>
   <div class='ocr_carea' id='block_1_4' title="bbox 295 1711 1355 1813">
    <p class='ocr_par' dir='ltr' id='par_1_4' title="bbox 295 1711 1355 1813">
     <span class='ocr_line' id='line_1_9' title="bbox 295 1711 1355 1813; baseline 0.002 -28"><span class='ocrx_word' id='word_1_52' title='bbox 295 1711 465 1811; x_wconf 85' lang='lat' dir='ltr'>expressi</span> <span class='ocrx_word' id='word_1_53' title='bbox 480 1735 551 1810; x_wconf 87' lang='lat' dir='ltr'>por</span> <span class='ocrx_word' id='word_1_54' title='bbox 564 1736 673 1786; x_wconf 89' lang='lat' dir='ltr'>aures</span> <span class='ocrx_word' id='word_1_55' title='bbox 690 1711 877 1811; x_wconf 83' lang='lat' dir='ltr'>sanguinis</span> <span class='ocrx_word' id='word_1_56' title='bbox 887 1737 1054 1813; x_wconf 88' lang='lat' dir='ltr'>poenam</span> <span class='ocrx_word' id='word_1_57' title='bbox 1070 1727 1247 1791; x_wconf 75' lang='lat' dir='ltr'>exectum</span> <span class='ocrx_word' id='word_1_58' title='bbox 1257 1737 1355 1788; x_wconf 87' lang='lat' dir='ltr'>esse.</span> 
     </span>
    </p>
   </div>
   <div class='ocr_carea' id='block_1_5' title="bbox 255 1847 1426 4660">
    <p class='ocr_par' dir='ltr' id='par_1_5' title="bbox 255 1847 1426 4660">
     <span class='ocr_line' id='line_1_10' title="bbox 321 1847 1357 1933; baseline -0.001 -22"><span class='ocrx_word' id='word_1_59' title='bbox 321 1848 367 1911; x_wconf 84' lang='lat' dir='ltr'>lta</span> <span class='ocrx_word' id='word_1_60' title='bbox 391 1847 507 1912; x_wconf 88' lang='lat' dir='ltr'>locum</span> <span class='ocrx_word' id='word_1_61' title='bbox 527 1848 718 1932; x_wconf 87' lang='lat' dir='ltr'>impeditum</span> <span class='ocrx_word' id='word_1_62' title='bbox 742 1859 775 1913; x_wconf 84' lang='lat' dir='ltr'>st</span> <span class='ocrx_word' id='word_1_63' title='bbox 796 1849 871 1914; x_wconf 88' lang='lat' dir='ltr'>sine</span> <span class='ocrx_word' id='word_1_64' title='bbox 891 1849 1195 1933; x_wconf 83' lang='lat' dir='ltr'>dubiocorrupturu</span> <span class='ocrx_word' id='word_1_65' title='bbox 1208 1847 1357 1913; x_wconf 84' lang='lat' dir='ltr'>exhibuit</span> 
     </span>
     <span class='ocr_line' id='line_1_11' title="bbox 255 1966 1356 2053; baseline -0.002 -23"><span class='ocrx_word' id='word_1_66' title='bbox 255 1966 385 2050; x_wconf 81' lang='lat' dir='ltr'>Silligius</span> <span class='ocrx_word' id='word_1_67' title='bbox 414 1966 540 2052; x_wconf 88' lang='lat' dir='ltr'>partim</span> <span class='ocrx_word' id='word_1_68' title='bbox 567 1988 587 2032; x_wconf 89' lang='lat' dir='ltr'>e</span> <span class='ocrx_word' id='word_1_69' title='bbox 615 1968 787 2034; x_wconf 87' lang='lat' dir='ltr'>veteribus</span> <span class='ocrx_word' id='word_1_70' title='bbox 813 1967 978 2053; x_wconf 85' lang='lat' dir='ltr'>exemplis</span> <span class='ocrx_word' id='word_1_71' title='bbox 1008 1969 1133 2053; x_wconf 77' lang='lat' dir='ltr'>partina</span> <span class='ocrx_word' id='word_1_72' title='bbox 1161 1986 1181 2031; x_wconf 89' lang='lat' dir='ltr'>e</span> <span class='ocrx_word' id='word_1_73' title='bbox 1208 1966 1356 2030; x_wconf 87' lang='lat' dir='ltr'>virorum</span> 
     </span>
     <span class='ocr_line' id='line_1_12' title="bbox 256 2083 1356 2171; baseline -0.001 -25"><span class='ocrx_word' id='word_1_74' title='bbox 256 2085 413 2152; x_wconf 88' lang='lat' dir='ltr'>doctorum</span> <span class='ocrx_word' id='word_1_75' title='bbox 436 2086 630 2152; x_wconf 88' lang='lat' dir='ltr'>coniectura</span> <span class='ocrx_word' id='word_1_76' title='bbox 652 2087 867 2165; x_wconf 83' lang='lat' dir='ltr'>immutatum,</span> <span class='ocrx_word' id='word_1_77' title='bbox 890 2095 924 2152; x_wconf 88' lang='lat' dir='ltr'>et</span> <span class='ocrx_word' id='word_1_78' title='bbox 947 2097 1109 2170; x_wconf 82' lang='lat' dir='ltr'>corrupta</span> <span class='ocrx_word' id='word_1_79' title='bbox 1128 2083 1260 2171; x_wconf 83' lang='lat' dir='ltr'>quidem</span> <span class='ocrx_word' id='word_1_80' title='bbox 1274 2101 1356 2148; x_wconf 90' lang='lat' dir='ltr'>esse</span> 
     </span>
     <span class='ocr_line' id='line_1_13' title="bbox 257 2201 1355 2290; baseline 0 -23"><span class='ocrx_word' id='word_1_81' title='bbox 257 2208 342 2271; x_wconf 85' lang='lat' dir='ltr'>verba</span> <span class='ocrx_word' id='word_1_82' title='bbox 372 2228 393 2269; x_wconf 87' lang='lat' dir='ltr'>o</span> <span class='ocrx_word' id='word_1_83' title='bbox 416 2205 577 2270; x_wconf 80' lang='lat' dir='ltr'>domnulo</span> <span class='ocrx_word' id='word_1_84' title='bbox 602 2227 662 2270; x_wconf 80' lang='lat' dir='ltr'>uto</span> <span class='ocrx_word' id='word_1_85' title='bbox 686 2218 778 2271; x_wconf 88' lang='lat' dir='ltr'>recte</span> <span class='ocrx_word' id='word_1_86' title='bbox 806 2205 984 2284; x_wconf 87' lang='lat' dir='ltr'>iudicavit,</span> <span class='ocrx_word' id='word_1_87' title='bbox 1016 2204 1137 2290; x_wconf 88' lang='lat' dir='ltr'>quibus</span> <span class='ocrx_word' id='word_1_88' title='bbox 1164 2201 1355 2267; x_wconf 88' lang='lat' dir='ltr'>llarduinus</span> 
     </span>
     <span class='ocr_line' id='line_1_14' title="bbox 256 2320 1356 2409; baseline -0.001 -23"><span class='ocrx_word' id='word_1_89' title='bbox 256 2337 354 2389; x_wconf 83' lang='lat' dir='ltr'>contra</span> <span class='ocrx_word' id='word_1_90' title='bbox 369 2323 508 2409; x_wconf 78' lang='lat' dir='ltr'>linguae</span> <span class='ocrx_word' id='word_1_91' title='bbox 526 2323 620 2408; x_wconf 86' lang='lat' dir='ltr'>leges</span> <span class='ocrx_word' id='word_1_92' title='bbox 641 2323 829 2408; x_wconf 83' lang='lat' dir='ltr'>„bominem</span> <span class='ocrx_word' id='word_1_93' title='bbox 843 2323 973 2407; x_wconf 90' lang='lat' dir='ltr'>abipso</span> <span class='ocrx_word' id='word_1_94' title='bbox 987 2321 1201 2385; x_wconf 85' lang='lat' dir='ltr'>damnatnm“</span> <span class='ocrx_word' id='word_1_95' title='bbox 1217 2320 1356 2385; x_wconf 90' lang='lat' dir='ltr'>iudicari</span> 
     </span>
     <span class='ocr_line' id='line_1_15' title="bbox 255 2439 1356 2526; baseline 0.001 -25"><span class='ocrx_word' id='word_1_96' title='bbox 255 2439 400 2526; x_wconf 85' lang='lat' dir='ltr'>voluerat,</span> <span class='ocrx_word' id='word_1_97' title='bbox 423 2455 554 2506; x_wconf 86' lang='lat' dir='ltr'>rectaru</span> <span class='ocrx_word' id='word_1_98' title='bbox 579 2461 659 2504; x_wconf 83' lang='lat' dir='ltr'>vero</span> <span class='ocrx_word' id='word_1_99' title='bbox 682 2439 881 2504; x_wconf 86' lang='lat' dir='ltr'>emendandi</span> <span class='ocrx_word' id='word_1_100' title='bbox 900 2439 989 2503; x_wconf 85' lang='lat' dir='ltr'>viam</span> <span class='ocrx_word' id='word_1_101' title='bbox 1011 2460 1077 2503; x_wconf 91' lang='lat' dir='ltr'>uon</span> <span class='ocrx_word' id='word_1_102' title='bbox 1102 2450 1153 2504; x_wconf 86' lang='lat' dir='ltr'>est</span> <span class='ocrx_word' id='word_1_103' title='bbox 1169 2439 1356 2524; x_wconf 83' lang='lat' dir='ltr'>ingressus.</span> 
     </span>
     <span class='ocr_line' id='line_1_16' title="bbox 255 2555 1356 2644; baseline 0.005 -24"><span class='ocrx_word' id='word_1_104' title='bbox 255 2559 322 2623; x_wconf 88' lang='lat' dir='ltr'>Nan</span> <span class='ocrx_word' id='word_1_105' title='bbox 342 2560 495 2626; x_wconf 88' lang='lat' dir='ltr'>ultimum</span> <span class='ocrx_word' id='word_1_106' title='bbox 519 2561 721 2625; x_wconf 85' lang='lat' dir='ltr'>enuntiatum</span> <span class='ocrx_word' id='word_1_107' title='bbox 744 2559 775 2624; x_wconf 94' lang='lat' dir='ltr'>in</span> <span class='ocrx_word' id='word_1_108' title='bbox 800 2560 932 2644; x_wconf 88' lang='lat' dir='ltr'>optimis</span> <span class='ocrx_word' id='word_1_109' title='bbox 955 2559 1130 2624; x_wconf 78' lang='lat' dir='ltr'>codicibus</span> <span class='ocrx_word' id='word_1_110' title='bbox 1151 2555 1262 2626; x_wconf 80' lang='lat' dir='ltr'>oa&#39;rd</span> <span class='ocrx_word' id='word_1_111' title='bbox 1282 2557 1356 2625; x_wconf 84' lang='lat' dir='ltr'>sere</span> 
     </span>
     <span class='ocr_line' id='line_1_17' title="bbox 256 2674 1357 2766; baseline 0.002 -29"><span class='ocrx_word' id='word_1_112' title='bbox 256 2675 290 2740; x_wconf 83' lang='lat' dir='ltr'>ita</span> <span class='ocrx_word' id='word_1_113' title='bbox 311 2680 471 2763; x_wconf 83' lang='lat' dir='ltr'>scriptum</span> <span class='ocrx_word' id='word_1_114' title='bbox 490 2674 628 2763; x_wconf 83' lang='lat' dir='ltr'>legitur:</span> <span class='ocrx_word' id='word_1_115' title='bbox 653 2677 826 2766; x_wconf 69' lang='lat' dir='ltr'>scapularis</span> <span class='ocrx_word' id='word_1_116' title='bbox 842 2699 949 2763; x_wconf 83' lang='lat' dir='ltr'>poeno</span> <span class='ocrx_word' id='word_1_117' title='bbox 970 2687 1090 2740; x_wconf 82' lang='lat' dir='ltr'>exucta</span> <span class='ocrx_word' id='word_1_118' title='bbox 1110 2687 1159 2743; x_wconf 84' lang='lat' dir='ltr'>est</span> <span class='ocrx_word' id='word_1_119' title='bbox 1185 2675 1260 2760; x_wconf 87' lang='lat' dir='ltr'>(Rd</span> <span class='ocrx_word' id='word_1_120' title='bbox 1278 2699 1357 2763; x_wconf 66' lang='grc' dir='ltr'>μοι·</span> 
     </span>
     <span class='ocr_line' id='line_1_18' title="bbox 256 2794 1357 2883; baseline -0.001 -21"><span class='ocrx_word' id='word_1_121' title='bbox 256 2814 305 2862; x_wconf 68' lang='lat' dir='ltr'>aue</span> <span class='ocrx_word' id='word_1_122' title='bbox 324 2805 446 2860; x_wconf 79' lang='lat' dir='ltr'>exucta</span> <span class='ocrx_word' id='word_1_123' title='bbox 468 2803 570 2881; x_wconf 75' lang='lat' dir='ltr'>esset,</span> <span class='ocrx_word' id='word_1_124' title='bbox 596 2794 623 2860; x_wconf 85' lang='lat' dir='ltr'>T</span> <span class='ocrx_word' id='word_1_125' title='bbox 643 2819 749 2883; x_wconf 74' lang='lat' dir='ltr'>poeraa</span> <span class='ocrx_word' id='word_1_126' title='bbox 770 2805 888 2861; x_wconf 81' lang='lat' dir='ltr'>exucta</span> <span class='ocrx_word' id='word_1_127' title='bbox 907 2798 1014 2880; x_wconf 83' lang='lat' dir='ltr'>esset)</span> <span class='ocrx_word' id='word_1_128' title='bbox 1041 2820 1144 2864; x_wconf 87' lang='lat' dir='ltr'>seusu</span> <span class='ocrx_word' id='word_1_129' title='bbox 1171 2795 1357 2883; x_wconf 87' lang='lat' dir='ltr'>aptissimo,</span> 
     </span>
     <span class='ocr_line' id='line_1_19' title="bbox 256 2912 1358 2999; baseline 0.009 -28"><span class='ocrx_word' id='word_1_130' title='bbox 256 2920 393 2979; x_wconf 83' lang='lat' dir='ltr'>utrecte</span> <span class='ocrx_word' id='word_1_131' title='bbox 425 2922 545 2996; x_wconf 87' lang='lat' dir='ltr'>spreta</span> <span class='ocrx_word' id='word_1_132' title='bbox 573 2924 688 2978; x_wconf 85' lang='lat' dir='ltr'>vetere</span> <span class='ocrx_word' id='word_1_133' title='bbox 718 2912 864 2979; x_wconf 88' lang='lat' dir='ltr'>lectione</span> <span class='ocrx_word' id='word_1_134' title='bbox 895 2916 1071 2999; x_wconf 85' lang='lat' dir='ltr'>recepisse</span> <span class='ocrx_word' id='word_1_135' title='bbox 1095 2916 1247 2981; x_wconf 89' lang='lat' dir='ltr'>videatur</span> <span class='ocrx_word' id='word_1_136' title='bbox 1268 2912 1358 2981; x_wconf 75' lang='lat' dir='ltr'>llar-&#39;</span> 
     </span>
     <span class='ocr_line' id='line_1_20' title="bbox 258 3028 1358 3123; baseline 0.011 -36"><span class='ocrx_word' id='word_1_137' title='bbox 258 3028 368 3095; x_wconf 89' lang='lat' dir='ltr'>duiuus.</span> <span class='ocrx_word' id='word_1_138' title='bbox 413 3030 505 3105; x_wconf 87' lang='lat' dir='ltr'>Quid</span> <span class='ocrx_word' id='word_1_139' title='bbox 532 3032 618 3095; x_wconf 87' lang='lat' dir='ltr'>euim</span> <span class='ocrx_word' id='word_1_140' title='bbox 647 3033 784 3117; x_wconf 83' lang='lat' dir='ltr'>gravius</span> <span class='ocrx_word' id='word_1_141' title='bbox 812 3033 878 3098; x_wconf 88' lang='lat' dir='ltr'>dici</span> <span class='ocrx_word' id='word_1_142' title='bbox 905 3036 1012 3119; x_wconf 89' lang='lat' dir='ltr'>potuit</span> <span class='ocrx_word' id='word_1_143' title='bbox 1038 3048 1095 3102; x_wconf 87' lang='lat' dir='ltr'>aut</span> <span class='ocrx_word' id='word_1_144' title='bbox 1116 3034 1358 3123; x_wconf 81' lang='lat' dir='ltr'>significantius</span> 
     </span>
     <span class='ocr_line' id='line_1_21' title="bbox 257 3148 1357 3234; baseline 0.006 -24"><span class='ocrx_word' id='word_1_145' title='bbox 257 3168 337 3229; x_wconf 86' lang='lat' dir='ltr'>quam</span> <span class='ocrx_word' id='word_1_146' title='bbox 359 3163 427 3215; x_wconf 88' lang='lat' dir='ltr'>tam</span> <span class='ocrx_word' id='word_1_147' title='bbox 453 3148 620 3215; x_wconf 76' lang='lat' dir='ltr'>infelicem</span> <span class='ocrx_word' id='word_1_148' title='bbox 647 3150 753 3219; x_wconf 83' lang='lat' dir='ltr'>fuisse</span> <span class='ocrx_word' id='word_1_149' title='bbox 778 3150 959 3234; x_wconf 87' lang='lat' dir='ltr'>Metellum,</span> <span class='ocrx_word' id='word_1_150' title='bbox 985 3167 1021 3220; x_wconf 90' lang='lat' dir='ltr'>ut</span> <span class='ocrx_word' id='word_1_151' title='bbox 1048 3177 1115 3221; x_wconf 91' lang='lat' dir='ltr'>non</span> <span class='ocrx_word' id='word_1_152' title='bbox 1143 3154 1295 3219; x_wconf 88' lang='lat' dir='ltr'>iniuriam</span> <span class='ocrx_word' id='word_1_153' title='bbox 1323 3154 1357 3218; x_wconf 91' lang='lat' dir='ltr'>in</span> 
     </span>
     <span class='ocr_line' id='line_1_22' title="bbox 258 3264 1358 3357; baseline 0.008 -31"><span class='ocrx_word' id='word_1_154' title='bbox 258 3267 440 3334; x_wconf 86' lang='lat' dir='ltr'>adversario</span> <span class='ocrx_word' id='word_1_155' title='bbox 472 3264 707 3348; x_wconf 85' lang='lat' dir='ltr'>ulcisceretur,</span> <span class='ocrx_word' id='word_1_156' title='bbox 736 3270 797 3335; x_wconf 86' lang='lat' dir='ltr'>sed</span> <span class='ocrx_word' id='word_1_157' title='bbox 826 3269 900 3355; x_wconf 89' lang='lat' dir='ltr'>ipse</span> <span class='ocrx_word' id='word_1_158' title='bbox 922 3271 1061 3337; x_wconf 87' lang='lat' dir='ltr'>iniuriae</span> <span class='ocrx_word' id='word_1_159' title='bbox 1085 3283 1249 3357; x_wconf 82' lang='lat' dir='ltr'>acceptae</span> <span class='ocrx_word' id='word_1_160' title='bbox 1272 3292 1358 3355; x_wconf 91' lang='lat' dir='ltr'>poe·</span> 
     </span>
     <span class='ocr_line' id='line_1_23' title="bbox 259 3368 1358 3477; baseline 0.005 -30"><span class='ocrx_word' id='word_1_161' title='bbox 259 3406 319 3451; x_wconf 86' lang='lat' dir='ltr'>nam</span> <span class='ocrx_word' id='word_1_162' title='bbox 336 3388 449 3455; x_wconf 90' lang='lat' dir='ltr'>lueret</span> <span class='ocrx_word' id='word_1_163' title='bbox 472 3388 569 3453; x_wconf 91' lang='lat' dir='ltr'>bonis</span> <span class='ocrx_word' id='word_1_164' title='bbox 591 3368 820 3470; x_wconf 86' lang='lat' dir='ltr'>consecratis,</span> <span class='ocrx_word' id='word_1_165' title='bbox 850 3401 1016 3477; x_wconf 75' lang='lat' dir='ltr'>tanlquam</span> <span class='ocrx_word' id='word_1_166' title='bbox 1039 3410 1156 3477; x_wconf 88' lang='lat' dir='ltr'>parum</span> <span class='ocrx_word' id='word_1_167' title='bbox 1178 3400 1271 3456; x_wconf 87' lang='lat' dir='ltr'>esset</span> <span class='ocrx_word' id='word_1_168' title='bbox 1290 3388 1358 3456; x_wconf 90' lang='lat' dir='ltr'>illa·</span> 
     </span>
     <span class='ocr_line' id='line_1_24' title="bbox 258 3504 1358 3593; baseline 0.007 -28"><span class='ocrx_word' id='word_1_169' title='bbox 258 3516 311 3567; x_wconf 87' lang='lat' dir='ltr'>tun</span> <span class='ocrx_word' id='word_1_170' title='bbox 336 3506 514 3571; x_wconf 71' lang='lat' dir='ltr'>damnum?</span> <span class='ocrx_word' id='word_1_171' title='bbox 565 3506 663 3581; x_wconf 87' lang='lat' dir='ltr'>Quod</span> <span class='ocrx_word' id='word_1_172' title='bbox 688 3527 754 3570; x_wconf 90' lang='lat' dir='ltr'>nna</span> <span class='ocrx_word' id='word_1_173' title='bbox 783 3504 915 3593; x_wconf 80' lang='lat' dir='ltr'>syllaba</span> <span class='ocrx_word' id='word_1_174' title='bbox 943 3508 1051 3572; x_wconf 87' lang='lat' dir='ltr'>eiecta</span> <span class='ocrx_word' id='word_1_175' title='bbox 1073 3528 1195 3573; x_wconf 83' lang='lat' dir='ltr'>revera</span> <span class='ocrx_word' id='word_1_176' title='bbox 1219 3506 1358 3573; x_wconf 90' lang='lat' dir='ltr'>Pliniurn</span> 
     </span>
     <span class='ocr_line' id='line_1_25' title="bbox 261 3622 1426 3722; baseline 0.006 -40"><span class='ocrx_word' id='word_1_177' title='bbox 261 3622 367 3694; x_wconf 86' lang='lat' dir='ltr'>dixisse</span> <span class='ocrx_word' id='word_1_178' title='bbox 386 3624 576 3711; x_wconf 86' lang='lat' dir='ltr'>apparebit.</span> <span class='ocrx_word' id='word_1_179' title='bbox 604 3622 826 3691; x_wconf 84' lang='lat' dir='ltr'>Scribenduur</span> <span class='ocrx_word' id='word_1_180' title='bbox 850 3625 936 3690; x_wconf 86' lang='lat' dir='ltr'>enim</span> <span class='ocrx_word' id='word_1_181' title='bbox 956 3647 1082 3691; x_wconf 89' lang='lat' dir='ltr'>censeo</span> <span class='ocrx_word' id='word_1_182' title='bbox 1105 3626 1137 3692; x_wconf 88' lang='lat' dir='ltr'>in</span> <span class='ocrx_word' id='word_1_183' title='bbox 1155 3628 1323 3713; x_wconf 84' lang='lat' dir='ltr'>proximis</span> <span class='ocrx_word' id='word_1_184' title='bbox 1337 3650 1359 3689; x_wconf 84' lang='lat' dir='ltr'>o</span> <span class='ocrx_word' id='word_1_185' title='bbox 1419 3709 1426 3722; x_wconf 23' lang='grc' dir='ltr'>ἱ</span> 
     </span>
     <span class='ocr_line' id='line_1_26' title="bbox 260 3738 1358 3829; baseline 0.008 -29"><span class='ocrx_word' id='word_1_186' title='bbox 260 3738 361 3807; x_wconf 68' lang='lat' dir='ltr'>lutuno</span> <span class='ocrx_word' id='word_1_187' title='bbox 372 3767 432 3807; x_wconf 83' lang='lat' dir='ltr'>suo</span> <span class='ocrx_word' id='word_1_188' title='bbox 448 3744 504 3808; x_wconf 85' lang='lat' dir='ltr'>ie.</span> <span class='ocrx_word' id='word_1_189' title='bbox 518 3755 594 3827; x_wconf 83' lang='lat' dir='ltr'>post</span> <span class='ocrx_word' id='word_1_190' title='bbox 607 3742 755 3807; x_wconf 87' lang='lat' dir='ltr'>iniuriam</span> <span class='ocrx_word' id='word_1_191' title='bbox 771 3742 929 3807; x_wconf 85' lang='lat' dir='ltr'>membris</span> <span class='ocrx_word' id='word_1_192' title='bbox 943 3740 1047 3809; x_wconf 87' lang='lat' dir='ltr'>laesis</span> <span class='ocrx_word' id='word_1_193' title='bbox 1060 3756 1249 3829; x_wconf 76' lang='lat' dir='ltr'>acceptant,</span> <span class='ocrx_word' id='word_1_194' title='bbox 1259 3766 1358 3829; x_wconf 88' lang='lat' dir='ltr'>quam</span> 
     </span>
     <span class='ocr_line' id='line_1_27' title="bbox 261 3860 1357 3949; baseline 0.003 -27"><span class='ocrx_word' id='word_1_195' title='bbox 261 3860 349 3948; x_wconf 81' lang='lat' dir='ltr'>alege</span> <span class='ocrx_word' id='word_1_196' title='bbox 358 3862 496 3949; x_wconf 89' lang='lat' dir='ltr'>Aquilia</span> <span class='ocrx_word' id='word_1_197' title='bbox 518 3875 584 3926; x_wconf 84' lang='lat' dir='ltr'>tum</span> <span class='ocrx_word' id='word_1_198' title='bbox 605 3862 765 3947; x_wconf 87' lang='lat' dir='ltr'>temporis</span> <span class='ocrx_word' id='word_1_199' title='bbox 785 3862 858 3929; x_wconf 90' lang='lat' dir='ltr'>siue</span> <span class='ocrx_word' id='word_1_200' title='bbox 881 3860 980 3927; x_wconf 86' lang='lat' dir='ltr'>dubio</span> <span class='ocrx_word' id='word_1_201' title='bbox 1002 3864 1066 3927; x_wconf 88' lang='lat' dir='ltr'>iam</span> <span class='ocrx_word' id='word_1_202' title='bbox 1078 3863 1212 3946; x_wconf 76' lang='lat' dir='ltr'>vigente</span> <span class='ocrx_word' id='word_1_203' title='bbox 1225 3864 1357 3925; x_wconf 88' lang='lat' dir='ltr'>actione</span> 
     </span>
     <span class='ocr_line' id='line_1_28' title="bbox 261 3976 1358 4063; baseline 0.004 -24"><span class='ocrx_word' id='word_1_204' title='bbox 261 3982 489 4046; x_wconf 74' lang='lat' dir='ltr'>concinnem</span> <span class='ocrx_word' id='word_1_205' title='bbox 515 3976 583 4044; x_wconf 88' lang='lat' dir='ltr'>utili</span> <span class='ocrx_word' id='word_1_206' title='bbox 613 3978 772 4044; x_wconf 79' lang='lat' dir='ltr'>vindicari</span> <span class='ocrx_word' id='word_1_207' title='bbox 800 3980 951 4063; x_wconf 89' lang='lat' dir='ltr'>potuisse</span> <span class='ocrx_word' id='word_1_208' title='bbox 973 3978 1136 4063; x_wconf 86' lang='lat' dir='ltr'>Ulpianus</span> <span class='ocrx_word' id='word_1_209' title='bbox 1164 3990 1358 4047; x_wconf 87' lang='lat' dir='ltr'>auctorest</span> 
     </span>
     <span class='ocr_line' id='line_1_29' title="bbox 262 4094 1358 4183; baseline 0.008 -28"><span class='ocrx_word' id='word_1_210' title='bbox 262 4094 427 4182; x_wconf 62' lang='lat' dir='ltr'>utapro.</span> <span class='ocrx_word' id='word_1_211' title='bbox 439 4098 482 4161; x_wconf 91' lang='lat' dir='ltr'>ad</span> <span class='ocrx_word' id='word_1_212' title='bbox 496 4094 777 4183; x_wconf 58' lang='lat' dir='ltr'>legnquittm.</span> <span class='ocrx_word' id='word_1_213' title='bbox 796 4096 1049 4183; x_wconf 86' lang='lat' dir='ltr'>Praepositione</span> <span class='ocrx_word' id='word_1_214' title='bbox 1062 4100 1147 4162; x_wconf 81' lang='lat' dir='ltr'>erriru</span> <span class='ocrx_word' id='word_1_215' title='bbox 1161 4122 1181 4161; x_wconf 85' lang='lat' dir='ltr'>o</span> <span class='ocrx_word' id='word_1_216' title='bbox 1193 4098 1358 4164; x_wconf 89' lang='lat' dir='ltr'>interdum</span> 
     </span>
     <span class='ocr_line' id='line_1_30' title="bbox 260 4215 1358 4305; baseline 0.005 -29"><span class='ocrx_word' id='word_1_217' title='bbox 260 4216 345 4282; x_wconf 89' lang='lat' dir='ltr'>utitur</span> <span class='ocrx_word' id='word_1_218' title='bbox 358 4216 484 4283; x_wconf 90' lang='lat' dir='ltr'>Plinius</span> <span class='ocrx_word' id='word_1_219' title='bbox 498 4235 538 4282; x_wconf 86' lang='lat' dir='ltr'>ea</span> <span class='ocrx_word' id='word_1_220' title='bbox 548 4216 593 4299; x_wconf 89' lang='lat' dir='ltr'>vi,</span> <span class='ocrx_word' id='word_1_221' title='bbox 607 4236 672 4301; x_wconf 92' lang='lat' dir='ltr'>qua</span> <span class='ocrx_word' id='word_1_222' title='bbox 685 4216 785 4304; x_wconf 85' lang='lat' dir='ltr'>vulgo</span> <span class='ocrx_word' id='word_1_223' title='bbox 796 4227 868 4305; x_wconf 84' lang='lat' dir='ltr'>post</span> <span class='ocrx_word' id='word_1_224' title='bbox 879 4228 1071 4301; x_wconf 85' lang='lat' dir='ltr'>usurpatur,</span> <span class='ocrx_word' id='word_1_225' title='bbox 1083 4215 1126 4281; x_wconf 86' lang='lat' dir='ltr'>cf.</span> <span class='ocrx_word' id='word_1_226' title='bbox 1134 4216 1315 4282; x_wconf 81' lang='lat' dir='ltr'>XXVl.70.</span> <span class='ocrx_word' id='word_1_227' title='bbox 1326 4228 1358 4282; x_wconf 87' lang='lat' dir='ltr'>et</span> 
     </span>
     <span class='ocr_line' id='line_1_31' title="bbox 261 4332 1359 4422; baseline 0.006 -28"><span class='ocrx_word' id='word_1_228' title='bbox 261 4332 418 4403; x_wconf 86' lang='lat' dir='ltr'>indllard.</span> <span class='ocrx_word' id='word_1_229' title='bbox 439 4332 659 4401; x_wconf 85' lang='lat' dir='ltr'>H.l.sortasse</span> <span class='ocrx_word' id='word_1_230' title='bbox 671 4354 744 4401; x_wconf 89' lang='lat' dir='ltr'>curu</span> <span class='ocrx_word' id='word_1_231' title='bbox 759 4334 875 4399; x_wconf 82' lang='lat' dir='ltr'>v.iude</span> <span class='ocrx_word' id='word_1_232' title='bbox 888 4344 939 4399; x_wconf 89' lang='lat' dir='ltr'>est</span> <span class='ocrx_word' id='word_1_233' title='bbox 951 4334 1194 4419; x_wconf 81' lang='lat' dir='ltr'>corriungeuda.</span> <span class='ocrx_word' id='word_1_234' title='bbox 1217 4336 1359 4422; x_wconf 88' lang='lat' dir='ltr'>Reliqua</span> 
     </span>
     <span class='ocr_line' id='line_1_32' title="bbox 263 4450 1359 4537; baseline 0.006 -25"><span class='ocrx_word' id='word_1_235' title='bbox 263 4450 344 4518; x_wconf 88' lang='lat' dir='ltr'>aliter</span> <span class='ocrx_word' id='word_1_236' title='bbox 356 4466 450 4519; x_wconf 88' lang='lat' dir='ltr'>crunt</span> <span class='ocrx_word' id='word_1_237' title='bbox 461 4452 736 4537; x_wconf 84' lang='lat' dir='ltr'>interpungeuda.</span> <span class='ocrx_word' id='word_1_238' title='bbox 749 4450 870 4517; x_wconf 84' lang='lat' dir='ltr'>Tribus</span> <span class='ocrx_word' id='word_1_239' title='bbox 883 4451 968 4517; x_wconf 87' lang='lat' dir='ltr'>euim</span> <span class='ocrx_word' id='word_1_240' title='bbox 979 4451 1075 4518; x_wconf 88' lang='lat' dir='ltr'>malis</span> <span class='ocrx_word' id='word_1_241' title='bbox 1083 4452 1255 4520; x_wconf 85' lang='lat' dir='ltr'>Metellum</span> <span class='ocrx_word' id='word_1_242' title='bbox 1268 4454 1359 4521; x_wconf 91' lang='lat' dir='ltr'>labo·</span> 
     </span>
     <span class='ocr_line' id='line_1_33' title="bbox 262 4566 1359 4660; baseline 0.012 -33"><span class='ocrx_word' id='word_1_243' title='bbox 262 4584 345 4637; x_wconf 85' lang='lat' dir='ltr'>rasse</span> <span class='ocrx_word' id='word_1_244' title='bbox 361 4566 746 4639; x_wconf 81' lang='lat' dir='ltr'>contraVal.blax.Vll.</span> <span class='ocrx_word' id='word_1_245' title='bbox 762 4570 789 4633; x_wconf 88' lang='lat' dir='ltr'>l.</span> <span class='ocrx_word' id='word_1_246' title='bbox 801 4568 827 4637; x_wconf 91' lang='lat' dir='ltr'>l.</span> <span class='ocrx_word' id='word_1_247' title='bbox 843 4568 1019 4655; x_wconf 88' lang='lat' dir='ltr'>disputans</span> <span class='ocrx_word' id='word_1_248' title='bbox 1036 4575 1203 4654; x_wconf 80' lang='lat' dir='ltr'>narravit,</span> <span class='ocrx_word' id='word_1_249' title='bbox 1221 4574 1359 4660; x_wconf 84' lang='lat' dir='ltr'>primurn</span> 
     </span>
    </p>
   </div>
   <div class='ocr_carea' id='block_1_6' title="bbox 1121 4690 1145 4756">
    <p class='ocr_par' dir='ltr' id='par_1_6' title="bbox 1121 4690 1145 4756">
     <span class='ocr_line' id='line_1_34' title="bbox 1121 4690 1145 4756; baseline 0 0"><span class='ocrx_word' id='word_1_250' title='bbox 1121 4690 1145 4756; x_wconf 81' lang='grc'><strong>9</strong></span> 
     </span>
    </p>
   </div>
   <div class='ocr_carea' id='block_1_7' title="bbox 0 0 1858 5625">
    <p class='ocr_par' dir='ltr' id='par_1_7' title="bbox 0 0 1858 5625">
     <span class='ocr_line' id='line_1_35' title="bbox 0 0 1858 5625; baseline 0 0"><span class='ocrx_word' id='word_1_251' title='bbox 0 0 1858 5625; x_wconf 95' lang='lat' dir='ltr'> </span> 
     </span>
    </p>
   </div>
  </div>
 </body>
</html>
