3700 5625
453 719 502 793 188
908 726 1000 788 ulter
1019 726 1112 788 XIX.

542 923 615 998 Quo
636 920 813 1009 pronomen
834 927 913 988 benc
933 921 1105 1004 referatur,
1135 923 1262 1004 nescio,
1292 943 1397 1009 neque
1418 927 1503 988 enim
1524 924 1562 988 ad

461 1043 570 1108 caules
598 1062 703 1128 neque
736 1041 777 1106 ad
803 1061 950 1106 racemos
971 1041 1110 1126 pertinet
1146 1045 1178 1102 et
1205 1061 1247 1104 ne
1268 1039 1403 1105 ferulam
1439 1039 1563 1127 quidem
1633 1083 1638 1090 -

461 1160 604 1226 indicare
625 1164 742 1245 potest,
764 1161 881 1245 quippe
902 1159 993 1244 ouius
1016 1157 1295 1243 duogeneraesse
1308 1158 1465 1224 dieantur.
1487 1160 1563 1222 'lum

461 1276 520 1344 illa¹
533 1298 654 1365 genera
673 1277 763 1343 XIII.
786 1277 847 1346 123
870 1281 1016 1342 nartheca
1036 1281 1069 1340 et
1089 1279 1285 1357 ncrttccyam
1305 1281 1488 1357 vocaverat,
1509 1277 1564 1340 111-

462 1416 525 1481 que
545 1415 651 1481 neque
672 1395 780 1460 caules
802 1415 864 1460 nac
874 1395 994 1460 racemi
1007 1392 1174 1460 commode
1186 1392 1434 1479 appellarentur,
1459 1394 1565 1459 etiam·

463 1515 577 1579 sinon
600 1510 856 1577 absurdeunum
887 1533 990 1599 genus
1013 1512 1168 1593 caulium,
1200 1532 1398 1577 racemorum
1436 1512 1568 1579 alterum

464 1632 724 1716 distingueretur.
746 1629 838 1704 Quae
860 1651 932 1694 cum
946 1621 999 1696 'ita
1021 1631 1094 1713 sint,
1117 1630 1143 1694 si
1165 1629 1241 1716 quid
1257 1628 1363 1723 rideo,
1386 1629 1570 1716 importuna

449 1736 555 1845 ,scioli
576 1749 776 1833 grammatici
805 1749 1011 1814 annotatione
1032 1747 1156 1812 Plinius
1178 1747 1346 1844 liberatur,
1372 1769 1452 1813 cum
1477 1749 1572 1813 verba
1643 1821 1646 1832 ,

464 1867 520 1932 illa
543 1865 686 1933 eieceris.
729 1866 812 1932 Tum
834 1867 919 1932 enim
941 1863 1086 1931 Italicam
1124 1865 1257 1931 ferulam
1296 1867 1496 1952 corymbiam
1519 1888 1570 1953 ap·

326 1987 333 1994 '
417 1997 425 2004 ·
464 1986 563 2071 pellat
585 1985 717 2069 eiusque
750 1985 872 2049 semina
887 1985 1072 2072 'corymbos
1116 1985 1167 2050 De
1191 2005 1255 2072 qua
1287 1983 1390 2049 ferula
1414 1985 1455 2050 cf.
1481 1984 1571 2050 (lelu-

464 2103 561 2169 mella
581 2103 655 2168 XII.
676 2102 705 2169 7.

890 2274 1019 2354 tuo-:-
1036 2273 1153 2361 tues.
1654 2349 1655 2352 a

515 2409 552 2478 et
580 2401 740 2478 ocimum
779 2409 971 2480 senectute
997 2401 1268 2502 degeneratio
1296 2399 1515 2502 serpyllum
1542 2409 1575 2479 et

515 2532 756 2632 sisymbrium
791 2535 1033 2627 iumentum,
1079 2543 1115 2612 et
1140 2559 1186 2610 ex
1218 2535 1359 2616 semine
1386 2534 1575 2612 brassicae

518 2666 655 2743 veteris
675 2689 763 2768 rapa
778 2667 868 2743 liunt
881 2711 928 2726 -
944 2675 980 2744 et
995 2674 1148 2744 necatur
1164 2667 1348 2746 cuminum
1361 2667 1407 2743 ab
1423 2665 1576 2744 haemo·
1657 2708 1658 2742 i

518 2801 624 2880 doro.

549 2932 660 2997 Prima
674 2932 773 2997 verba
794 2932 834 2996 ab
857 2930 935 2997 Ia'no
969 2932 1099 3017 egregie
1121 2952 1138 2996 e
1161 2932 1342 3017 corruptela
1362 2929 1514 2995 codicum
1534 2951 1577 2995 11-
1657 2950 1658 2981 1

467 3056 785 3130 perceperamus
807 3070 826 3113 a
846 3050 898 3114 vel
918 3070 1006 3114 senec
1028 3056 1202 3136 depeneretl
1224 3054 1267 3112 111
1290 3068 1307 3112 1
1327 3048 1358 3129 d,
1381 3069 1444 3133 qua
1469 3068 1578 3113 omnes
1657 3062 1658 3100 ³

467 3191 509 3234 ex
530 3188 594 3233 uno
617 3166 792 3253 exemplari
814 3167 992 3253 descriptos
1014 3188 1085 3232 esse
1108 3142 1180 3232 luce
1201 3164 1318 3231 clarius
1335 3163 1504 3247 redditur,
1532 3186 1577 3231 rs·
1655 3186 1658 3219 r

468 3285 580 3350 stituta
601 3291 691 3368 sunt;
712 3295 840 3348 mentam
863 3283 930 3350 Sill.
954 3304 972 3347 e
995 3284 1033 3348 V.
1053 3284 1093 3352 D.
1110 3286 1299 3359 comesturis
1322 3284 1460 3369 scripsit,
1485 3283 1576 3349 sicuti

348 3388 353 3391 ¹
425 3473 426 3480 χ
467 3401 627 3487 Theophr.
647 3401 691 3467 Π.
712 3378 779 3467 411
807 3400 854 3479 εἰς
875 3408 1001 3485 pinder
1023 3402 1162 3486 dixerat,
1193 3404 1291 3467 Ianus
1314 3421 1354 3465 ea
1382 3402 1484 3467 verba
1507 3422 1576 3467 cum

467 3520 501 3583 in
523 3540 543 3583 a
564 3518 677 3601 omitti,
711 3520 745 3583 in
767 3541 784 3585 c
806 3526 994 3598 renotatam,
1027 3521 1060 3583 in
1084 3520 1104 3582 d
1126 3492 1290 3585 reticebam
1313 3520 1410 3584 scribi
1432 3518 1574 3587 animad-

467 3642 622 3720 verteret,
661 3612 745 3701 banc
782 3636 918 3703 lormam
957 3657 1086 3703 servare
1128 3636 1256 3718 maluit,
1285 3644 1382 3701 recte
1413 3644 1450 3704 ut
1482 3644 1574 3725 puto:

467 3756 605 3821 fortasse
626 3755 711 3819 enim
739 3755 779 3820 ab
802 3776 840 3820 eo
863 3755 1007 3838 librario,
1037 3766 1131 3839 quem
1154 3755 1277 3820 Plinius
1308 3754 1379 3839 ipse
1401 3754 1576 3819 adhibebat
1657 3816 1658 3821 ,

467 3874 500 3939 iu
506 3872 721 3958 Theophrasti
734 3870 814 3936 libro
824 3879 880 3936 aut
893 3873 1062 3958 legebatur
1084 3878 1140 3937 aut
1154 3871 1343 3936 audiebatur
1357 3870 1403 3948 11ς
1418 3877 1574 3955 σμίνθαν.

466 3991 619 4057 Proxima
635 3991 734 4057 verba
756 4010 775 4053 a
795 3989 941 4054 Varrone
962 3990 1099 4075 repetita
1121 3995 1205 4070 sunt,
1228 3989 1314 4073 apud
1336 3992 1433 4075 quem
1452 3989 1573 4053 Plinius

468 4129 565 4197 quum
587 4110 610 4174 l.
633 4110 675 4175 40
696 4129 816 4191 ,semen
837 4110 941 4173 111111ί
975 4114 1007 4172 11
1039 4128 1091 4189 ,ex
1118 4108 1239 4172 semine
1272 4106 1434 4171 brassicae
1456 4108 1573 4171 111111ι
1640 4178 1643 4185 ,

468 4225 674 4311 repperisset,
696 4233 728 4290 et
749 4226 819 4310 ipse
840 4232 1009 4316 exsemine
1032 4231 1186 4289 brassicae
1207 4236 1305 4286 velere
1328 4225 1495 4310 scripsisse
1516 4244 1572 4315 pu·
1657 4270 1658 4309 3

383 2324 446 2396 111
491 2303 496 2308 ’

469 4340 586 4406 tandus
608 4347 666 4406 est.
689 4343 837 4431 Denique
858 4348 1042 4407 boemodoro
1065 4342 1225 4428 quodSill.
1249 4341 1424 4407 scodi'cum
1448 4362 1572 4425 corrup-
1657 4338 1658 4369 ³

467 4450 612 4524 tela'r'mo
635 4465 726 4524 dorso
749 4465 781 4523 11
802 4481 860 4523 uno
878 4465 970 4524 dorso
999 4460 1157 4544 sagaciter
1185 4459 1307 4541 elicuit,
1337 4458 1448 4524 codice
1471 4458 1571 4522 Theo·
1657 4442 1658 4451 ἵ

455 4552 591 4662 111111111
613 4574 703 4641 Vffl.
725 4578 754 4644 8.
776 4578 795 4642 5
817 4576 973 4643 Urbinate
1001 4578 1054 4664 qui
1078 4580 1164 4642 solus
1189 4576 1289 4641 verba
1309 4598 1329 4641 1
1351 4576 1453 4641 Plinio
1474 4585 1570 4640 trans-

468 4694 534 4757 lata
554 4694 679 4778 integra
700 4713 875 4778 vocemque
902 4696 989 4758 illam
1011 4694 1061 4758 bis
1083 4696 1233 4781 scriptam
1256 4694 1403 4776 exhibet,
1436 4700 1500 4759 tam
1521 4693 1570 4755 fir·
1657 4766 1658 4769 Ἴ
