<?xml version="1.0" encoding="UTF-8"?>
<!DOCTYPE html PUBLIC "-//W3C//DTD XHTML 1.0 Transitional//EN"
    "http://www.w3.org/TR/xhtml1/DTD/xhtml1-transitional.dtd">
<html xmlns="http://www.w3.org/1999/xhtml" xml:lang="en" lang="en">
 <head>
  <title>
</title>
<meta http-equiv="Content-Type" content="text/html;charset=utf-8" />
  <meta name='ocr-system' content='tesseract 3.04.00' />
  <meta name='ocr-capabilities' content='ocr_page ocr_carea ocr_par ocr_line ocrx_word'/>
</head>
<body>
  <div class='ocr_page' id='page_1' title='image "./vindiciaeplinia01urligoog_0134.png"; bbox 0 0 3700 5625; ppageno 0'>
   <div class='ocr_carea' id='block_1_1' title="bbox 393 3468 454 3534">
    <p class='ocr_par' dir='ltr' id='par_1_1' title="bbox 393 3468 454 3534">
     <span class='ocr_line' id='line_1_1' title="bbox 393 3468 454 3534; baseline 0.016 -1"><span class='ocrx_word' id='word_1_1' title='bbox 393 3468 454 3534; x_wconf 85' lang='lat'><strong>153</strong></span> 
     </span>
    </p>
   </div>
   <div class='ocr_carea' id='block_1_2' title="bbox 487 569 1143 644">
    <p class='ocr_par' dir='ltr' id='par_1_2' title="bbox 487 569 1143 644">
     <span class='ocr_line' id='line_1_2' title="bbox 487 569 1143 644; baseline 0.012 -8"><span class='ocrx_word' id='word_1_2' title='bbox 487 569 547 636; x_wconf 75' lang='lat' dir='ltr'><strong>lta</strong></span> <span class='ocrx_word' id='word_1_3' title='bbox 932 572 1033 641; x_wconf 68' lang='lat' dir='ltr'><strong>labar</strong></span> <span class='ocrx_word' id='word_1_4' title='bbox 1055 573 1143 644; x_wconf 79' lang='lat' dir='ltr'><strong>Vll.</strong></span> 
     </span>
    </p>
   </div>
   <div class='ocr_carea' id='block_1_3' title="bbox 534 754 1604 1137">
    <p class='ocr_par' dir='ltr' id='par_1_3' title="bbox 534 754 1604 1137">
     <span class='ocr_line' id='line_1_3' title="bbox 534 754 1604 861; baseline 0.003 -28"><span class='ocrx_word' id='word_1_5' title='bbox 534 754 719 856; x_wconf 87' lang='lat' dir='ltr'><strong>Eutychis</strong></span> <span class='ocrx_word' id='word_1_6' title='bbox 747 757 861 834; x_wconf 92' lang='lat' dir='ltr'>aXX</span> <span class='ocrx_word' id='word_1_7' title='bbox 882 757 986 836; x_wconf 87' lang='lat' dir='ltr'><strong>libris</strong></span> <span class='ocrx_word' id='word_1_8' title='bbox 1010 786 1103 861; x_wconf 86' lang='lat' dir='ltr'><strong>rogo</strong></span> <span class='ocrx_word' id='word_1_9' title='bbox 1128 759 1228 836; x_wconf 90' lang='lat' dir='ltr'><strong>illata</strong></span> <span class='ocrx_word' id='word_1_10' title='bbox 1254 759 1466 857; x_wconf 72' lang='lat' dir='ltr'><strong>Trallibus,</strong></span> <span class='ocrx_word' id='word_1_11' title='bbox 1500 762 1604 838; x_wconf 82' lang='lat' dir='ltr'><strong>enixa</strong></span> 
     </span>
     <span class='ocr_line' id='line_1_4' title="bbox 534 893 1603 998; baseline 0.001 -28"><span class='ocrx_word' id='word_1_12' title='bbox 534 893 645 970; x_wconf 85' lang='lat' dir='ltr'><strong>XXX</strong></span> <span class='ocrx_word' id='word_1_13' title='bbox 665 905 806 993; x_wconf 85' lang='lat' dir='ltr'><strong>partus.</strong></span> <span class='ocrx_word' id='word_1_14' title='bbox 856 897 1018 998; x_wconf 88' lang='lat' dir='ltr'><strong>Alcippe</strong></span> <span class='ocrx_word' id='word_1_15' title='bbox 1041 899 1290 998; x_wconf 72' lang='lat' dir='ltr'><strong>elephantum,</strong></span> <span class='ocrx_word' id='word_1_16' title='bbox 1312 921 1544 998; x_wconf 88' lang='lat' dir='ltr'><strong>quamquam</strong></span> <span class='ocrx_word' id='word_1_17' title='bbox 1568 898 1603 971; x_wconf 90' lang='lat' dir='ltr'><strong>id</strong></span> 
     </span>
     <span class='ocr_line' id='line_1_5' title="bbox 534 1030 1362 1137; baseline 0.007 -33"><span class='ocrx_word' id='word_1_18' title='bbox 534 1030 632 1105; x_wconf 88' lang='lat' dir='ltr'><strong>inter</strong></span> <span class='ocrx_word' id='word_1_19' title='bbox 657 1039 802 1108; x_wconf 86' lang='lat' dir='ltr'><strong>ostenta</strong></span> <span class='ocrx_word' id='word_1_20' title='bbox 829 1044 905 1112; x_wconf 78' lang='lat' dir='ltr'><strong>est:</strong></span> <span class='ocrx_word' id='word_1_21' title='bbox 932 1059 1091 1137; x_wconf 88' lang='lat' dir='ltr'><strong>namque</strong></span> <span class='ocrx_word' id='word_1_22' title='bbox 1112 1044 1174 1109; x_wconf 85' lang='lat' dir='ltr'><strong>rel.</strong></span> <span class='ocrx_word' id='word_1_23' title='bbox 1357 1035 1362 1044; x_wconf 77' lang='grc'><strong><em>’</em></strong></span> 
     </span>
    </p>
   </div>
   <div class='ocr_carea' id='block_1_4' title="bbox 476 1205 1603 2478">
    <p class='ocr_par' dir='ltr' id='par_1_4' title="bbox 476 1205 1603 2478">
     <span class='ocr_line' id='line_1_6' title="bbox 565 1205 1603 1297; baseline 0.003 -25"><span class='ocrx_word' id='word_1_24' title='bbox 565 1207 727 1292; x_wconf 84' lang='lat' dir='ltr'><strong>Alcippes</strong></span> <span class='ocrx_word' id='word_1_25' title='bbox 749 1205 847 1292; x_wconf 86' lang='lat' dir='ltr'><strong>illius,</strong></span> <span class='ocrx_word' id='word_1_26' title='bbox 869 1229 967 1296; x_wconf 89' lang='lat' dir='ltr'><strong>quam</strong></span> <span class='ocrx_word' id='word_1_27' title='bbox 990 1209 1200 1297; x_wconf 87' lang='lat' dir='ltr'><strong>Glaucippen</strong></span> <span class='ocrx_word' id='word_1_28' title='bbox 1223 1209 1408 1277; x_wconf 76' lang='lat' dir='ltr'><strong>a&#39;l&#39;atiano</strong></span> <span class='ocrx_word' id='word_1_29' title='bbox 1433 1232 1465 1277; x_wconf 88' lang='lat' dir='ltr'><strong>e.</strong></span> <span class='ocrx_word' id='word_1_30' title='bbox 1484 1211 1603 1276; x_wconf 82' lang='lat' dir='ltr'><strong>Graec.</strong></span> 
     </span>
     <span class='ocr_line' id='line_1_7' title="bbox 480 1325 1601 1416; baseline 0.002 -24"><span class='ocrx_word' id='word_1_31' title='bbox 480 1325 531 1392; x_wconf 88' lang='grc'><strong>53.</strong></span> <span class='ocrx_word' id='word_1_32' title='bbox 545 1327 655 1413; x_wconf 73' lang='lat' dir='ltr'><strong>pun.</strong></span> <span class='ocrx_word' id='word_1_33' title='bbox 672 1327 867 1394; x_wconf 89' lang='lat' dir='ltr'><strong>ed.Worth.</strong></span> <span class='ocrx_word' id='word_1_34' title='bbox 888 1329 1053 1416; x_wconf 90' lang='lat' dir='ltr'><strong>appellari</strong></span> <span class='ocrx_word' id='word_1_35' title='bbox 1075 1333 1117 1396; x_wconf 91' lang='lat' dir='ltr'><strong>ab</strong></span> <span class='ocrx_word' id='word_1_36' title='bbox 1129 1331 1301 1397; x_wconf 89' lang='lat' dir='ltr'><strong>Harduino</strong></span> <span class='ocrx_word' id='word_1_37' title='bbox 1324 1331 1601 1397; x_wconf 85' lang='lat' dir='ltr'><strong>animadversam</strong></span> 
     </span>
     <span class='ocr_line' id='line_1_8' title="bbox 481 1445 1601 1531; baseline 0.002 -19"><span class='ocrx_word' id='word_1_38' title='bbox 481 1457 551 1525; x_wconf 88' lang='lat' dir='ltr'><strong>est,</strong></span> <span class='ocrx_word' id='word_1_39' title='bbox 589 1445 718 1531; x_wconf 80' lang='lat' dir='ltr'><strong>effigies</strong></span> <span class='ocrx_word' id='word_1_40' title='bbox 746 1466 767 1510; x_wconf 90' lang='lat' dir='ltr'><strong>a</strong></span> <span class='ocrx_word' id='word_1_41' title='bbox 795 1445 954 1513; x_wconf 90' lang='lat' dir='ltr'><strong>Nicerato</strong></span> <span class='ocrx_word' id='word_1_42' title='bbox 983 1447 1183 1516; x_wconf 85' lang='lat' dir='ltr'><strong>Atheniensi</strong></span> <span class='ocrx_word' id='word_1_43' title='bbox 1212 1449 1385 1514; x_wconf 86' lang='lat' dir='ltr'><strong>elaborata</strong></span> <span class='ocrx_word' id='word_1_44' title='bbox 1415 1449 1513 1514; x_wconf 89' lang='lat' dir='ltr'><strong>iuter</strong></span> <span class='ocrx_word' id='word_1_45' title='bbox 1545 1469 1601 1514; x_wconf 91' lang='lat' dir='ltr'><strong>eas</strong></span> 
     </span>
     <span class='ocr_line' id='line_1_9' title="bbox 480 1561 1601 1658; baseline 0.002 -30"><span class='ocrx_word' id='word_1_46' title='bbox 480 1573 612 1628; x_wconf 87' lang='lat' dir='ltr'><strong>statuas</strong></span> <span class='ocrx_word' id='word_1_47' title='bbox 634 1561 739 1627; x_wconf 85' lang='lat' dir='ltr'><strong>luisse</strong></span> <span class='ocrx_word' id='word_1_48' title='bbox 765 1563 913 1647; x_wconf 88' lang='lat' dir='ltr'><strong>putanda</strong></span> <span class='ocrx_word' id='word_1_49' title='bbox 936 1575 1005 1645; x_wconf 89' lang='lat' dir='ltr'><strong>est,</strong></span> <span class='ocrx_word' id='word_1_50' title='bbox 1035 1587 1121 1652; x_wconf 85' lang='lat' dir='ltr'><strong>quas</strong></span> <span class='ocrx_word' id='word_1_51' title='bbox 1145 1587 1164 1632; x_wconf 90' lang='lat' dir='ltr'><strong>e</strong></span> <span class='ocrx_word' id='word_1_52' title='bbox 1187 1566 1276 1632; x_wconf 89' lang='lat' dir='ltr'><strong>bello</strong></span> <span class='ocrx_word' id='word_1_53' title='bbox 1298 1566 1538 1658; x_wconf 75' lang='lat' dir='ltr'><strong>Mithridatico</strong></span> <span class='ocrx_word' id='word_1_54' title='bbox 1560 1586 1601 1630; x_wconf 85' lang='lat' dir='ltr'><strong>ex</strong></span> 
     </span>
     <span class='ocr_line' id='line_1_10' title="bbox 479 1679 1598 1769; baseline 0.002 -23"><span class='ocrx_word' id='word_1_55' title='bbox 479 1680 563 1746; x_wconf 88' lang='lat' dir='ltr'><strong>Asia</strong></span> <span class='ocrx_word' id='word_1_56' title='bbox 579 1680 759 1763; x_wconf 89' lang='lat' dir='ltr'><strong>Pompeius</strong></span> <span class='ocrx_word' id='word_1_57' title='bbox 780 1679 922 1746; x_wconf 83' lang='lat' dir='ltr'><strong>Romam</strong></span> <span class='ocrx_word' id='word_1_58' title='bbox 946 1693 1245 1768; x_wconf 84' lang='lat' dir='ltr'><strong>transportaverat,</strong></span> <span class='ocrx_word' id='word_1_59' title='bbox 1271 1684 1360 1769; x_wconf 90' lang='lat' dir='ltr'><strong>quod</strong></span> <span class='ocrx_word' id='word_1_60' title='bbox 1380 1682 1440 1750; x_wconf 86' lang='lat' dir='ltr'><strong>vel</strong></span> <span class='ocrx_word' id='word_1_61' title='bbox 1465 1685 1598 1750; x_wconf 88' lang='lat' dir='ltr'><strong>Graeco</strong></span> 
     </span>
     <span class='ocr_line' id='line_1_11' title="bbox 479 1796 1597 1882; baseline 0.001 -20"><span class='ocrx_word' id='word_1_62' title='bbox 479 1798 612 1863; x_wconf 89' lang='lat' dir='ltr'><strong>nomine</strong></span> <span class='ocrx_word' id='word_1_63' title='bbox 635 1796 807 1881; x_wconf 87' lang='lat' dir='ltr'><strong>probabile</strong></span> <span class='ocrx_word' id='word_1_64' title='bbox 828 1797 874 1862; x_wconf 85' lang='lat' dir='ltr'><strong>lit.</strong></span> <span class='ocrx_word' id='word_1_65' title='bbox 924 1798 1009 1863; x_wconf 92' lang='lat' dir='ltr'><strong>Rem</strong></span> <span class='ocrx_word' id='word_1_66' title='bbox 1037 1822 1122 1866; x_wconf 89' lang='lat' dir='ltr'><strong>sane</strong></span> <span class='ocrx_word' id='word_1_67' title='bbox 1146 1800 1308 1867; x_wconf 88' lang='lat' dir='ltr'><strong>Romanis</strong></span> <span class='ocrx_word' id='word_1_68' title='bbox 1331 1802 1525 1882; x_wconf 79' lang='lat' dir='ltr'><strong>insolitam,</strong></span> <span class='ocrx_word' id='word_1_69' title='bbox 1552 1801 1597 1864; x_wconf 94' lang='lat' dir='ltr'><strong>lu·</strong></span> 
     </span>
     <span class='ocr_line' id='line_1_12' title="bbox 477 1915 1596 2004; baseline 0.002 -24"><span class='ocrx_word' id='word_1_70' title='bbox 477 1915 604 1982; x_wconf 87' lang='lat' dir='ltr'><strong>xuriosi</strong></span> <span class='ocrx_word' id='word_1_71' title='bbox 626 1937 708 1982; x_wconf 89' lang='lat' dir='ltr'><strong>vero</strong></span> <span class='ocrx_word' id='word_1_72' title='bbox 729 1915 932 1981; x_wconf 83' lang='lat' dir='ltr'><strong>Asianorum</strong></span> <span class='ocrx_word' id='word_1_73' title='bbox 962 1917 1086 2001; x_wconf 90' lang='lat' dir='ltr'><strong>ingenii</strong></span> <span class='ocrx_word' id='word_1_74' title='bbox 1116 1918 1247 1983; x_wconf 89' lang='lat' dir='ltr'><strong>minime</strong></span> <span class='ocrx_word' id='word_1_75' title='bbox 1274 1920 1447 2004; x_wconf 83' lang='lat' dir='ltr'><strong>indignam</strong></span> <span class='ocrx_word' id='word_1_76' title='bbox 1479 1921 1596 1983; x_wconf 89' lang='lat' dir='ltr'><strong>dume</strong></span> 
     </span>
     <span class='ocr_line' id='line_1_13' title="bbox 477 2035 1595 2122; baseline -0.004 -19"><span class='ocrx_word' id='word_1_77' title='bbox 477 2039 551 2104; x_wconf 89' lang='lat' dir='ltr'><strong>basi</strong></span> <span class='ocrx_word' id='word_1_78' title='bbox 566 2047 697 2105; x_wconf 83' lang='lat' dir='ltr'><strong>statuae</strong></span> <span class='ocrx_word' id='word_1_79' title='bbox 714 2047 829 2101; x_wconf 89' lang='lat' dir='ltr'><strong>narrat</strong></span> <span class='ocrx_word' id='word_1_80' title='bbox 846 2035 982 2121; x_wconf 85' lang='lat' dir='ltr'><strong>Plinius,</strong></span> <span class='ocrx_word' id='word_1_81' title='bbox 1003 2048 1168 2102; x_wconf 88' lang='lat' dir='ltr'><strong>ostentum</strong></span> <span class='ocrx_word' id='word_1_82' title='bbox 1189 2037 1296 2102; x_wconf 89' lang='lat' dir='ltr'><strong>videri</strong></span> <span class='ocrx_word' id='word_1_83' title='bbox 1319 2036 1477 2122; x_wconf 88' lang='lat' dir='ltr'><strong>intelligit</strong></span> <span class='ocrx_word' id='word_1_84' title='bbox 1497 2047 1595 2120; x_wconf 87' lang='lat' dir='ltr'><strong>atque</strong></span> 
     </span>
     <span class='ocr_line' id='line_1_14' title="bbox 477 2143 1593 2247; baseline -0.001 -27"><span class='ocrx_word' id='word_1_85' title='bbox 477 2156 520 2220; x_wconf 88' lang='lat' dir='ltr'><strong>ad</strong></span> <span class='ocrx_word' id='word_1_86' title='bbox 549 2176 591 2220; x_wconf 88' lang='lat' dir='ltr'><strong>ea</strong></span> <span class='ocrx_word' id='word_1_87' title='bbox 618 2143 911 2221; x_wconf 82' lang='lat' dir='ltr'><strong>commemoranda</strong></span> <span class='ocrx_word' id='word_1_88' title='bbox 939 2178 978 2222; x_wconf 88' lang='lat' dir='ltr'><strong>se</strong></span> <span class='ocrx_word' id='word_1_89' title='bbox 1006 2158 1179 2247; x_wconf 85' lang='lat' dir='ltr'><strong>convertit.</strong></span> <span class='ocrx_word' id='word_1_90' title='bbox 1226 2157 1380 2243; x_wconf 85' lang='lat' dir='ltr'><strong>Apparet</strong></span> <span class='ocrx_word' id='word_1_91' title='bbox 1408 2168 1593 2242; x_wconf 87' lang='lat' dir='ltr'><strong>praeterea</strong></span> 
     </span>
     <span class='ocr_line' id='line_1_15' title="bbox 476 2275 1592 2361; baseline -0.004 -21"><span class='ocrx_word' id='word_1_92' title='bbox 476 2277 739 2360; x_wconf 85' lang='lat' dir='ltr'><strong>interpunctione</strong></span> <span class='ocrx_word' id='word_1_93' title='bbox 761 2287 917 2340; x_wconf 86' lang='lat' dir='ltr'><strong>correcta</strong></span> <span class='ocrx_word' id='word_1_94' title='bbox 932 2291 966 2341; x_wconf 92' lang='lat' dir='ltr'><strong>et</strong></span> <span class='ocrx_word' id='word_1_95' title='bbox 984 2278 1059 2341; x_wconf 85' lang='lat' dir='ltr'><strong>roei</strong></span> <span class='ocrx_word' id='word_1_96' title='bbox 1070 2276 1485 2361; x_wconf 84' lang='lat' dir='ltr'><strong>‚,elephantum“verbum</strong></span> <span class='ocrx_word' id='word_1_97' title='bbox 1499 2275 1592 2342; x_wconf 88' lang='lat' dir='ltr'><strong>reddi</strong></span> 
     </span>
     <span class='ocr_line' id='line_1_16' title="bbox 476 2393 1591 2478; baseline -0.001 -21"><span class='ocrx_word' id='word_1_98' title='bbox 476 2395 565 2458; x_wconf 89' lang='lat' dir='ltr'><strong>unde</strong></span> <span class='ocrx_word' id='word_1_99' title='bbox 588 2393 751 2476; x_wconf 87' lang='lat' dir='ltr'><strong>pendeat,</strong></span> <span class='ocrx_word' id='word_1_100' title='bbox 782 2404 815 2458; x_wconf 91' lang='lat' dir='ltr'><strong>et</strong></span> <span class='ocrx_word' id='word_1_101' title='bbox 841 2414 963 2457; x_wconf 89' lang='lat' dir='ltr'><strong>novum</strong></span> <span class='ocrx_word' id='word_1_102' title='bbox 993 2395 1050 2478; x_wconf 87' lang='lat' dir='ltr'><strong>qni</strong></span> <span class='ocrx_word' id='word_1_103' title='bbox 1070 2393 1222 2478; x_wconf 82' lang='lat' dir='ltr'><strong>sequitur</strong></span> <span class='ocrx_word' id='word_1_104' title='bbox 1243 2394 1356 2460; x_wconf 80' lang='lat' dir='ltr'><strong>locum</strong></span> <span class='ocrx_word' id='word_1_105' title='bbox 1381 2397 1423 2461; x_wconf 91' lang='lat' dir='ltr'><strong>de</strong></span> <span class='ocrx_word' id='word_1_106' title='bbox 1448 2393 1591 2462; x_wconf 89' lang='lat' dir='ltr'><strong>ostentis</strong></span> 
     </span>
    </p>
   </div>
   <div class='ocr_carea' id='block_1_5' title="bbox 476 2512 1587 2720">
    <p class='ocr_par' dir='ltr' id='par_1_5' title="bbox 476 2512 1587 2720">
     <span class='ocr_line' id='line_1_17' title="bbox 476 2512 1266 2598; baseline 0.003 -20"><span class='ocrx_word' id='word_1_107' title='bbox 476 2513 601 2580; x_wconf 83' lang='lat' dir='ltr'><strong>rectius</strong></span> <span class='ocrx_word' id='word_1_108' title='bbox 623 2512 789 2596; x_wconf 79' lang='lat' dir='ltr'><strong>distingui.</strong></span> <span class='ocrx_word' id='word_1_109' title='bbox 833 2513 1054 2578; x_wconf 78' lang='lat' dir='ltr'><strong>scribendum</strong></span> <span class='ocrx_word' id='word_1_110' title='bbox 1077 2523 1129 2580; x_wconf 85' lang='lat' dir='ltr'><strong>est</strong></span> <span class='ocrx_word' id='word_1_111' title='bbox 1151 2514 1266 2598; x_wconf 74' lang='lat' dir='ltr'><strong>igiturz</strong></span> 
     </span>
     <span class='ocr_line' id='line_1_18' title="bbox 520 2627 1587 2720; baseline -0.001 -30"><span class='ocrx_word' id='word_1_112' title='bbox 520 2665 560 2678; x_wconf 94' lang='lat'><em>-</em></span> <span class='ocrx_word' id='word_1_113' title='bbox 582 2630 672 2691; x_wconf 82' lang='lat' dir='ltr'><strong>inter</strong></span> <span class='ocrx_word' id='word_1_114' title='bbox 692 2651 774 2720; x_wconf 82' lang='lat' dir='ltr'><strong>quas</strong></span> <span class='ocrx_word' id='word_1_115' title='bbox 795 2629 914 2718; x_wconf 83' lang='lat' dir='ltr'><strong>lepitur</strong></span> <span class='ocrx_word' id='word_1_116' title='bbox 931 2627 1108 2714; x_wconf 73' lang='lat' dir='ltr'><strong>Eutychia,</strong></span> <span class='ocrx_word' id='word_1_117' title='bbox 1135 2654 1155 2692; x_wconf 87' lang='lat' dir='ltr'><strong>a</strong></span> <span class='ocrx_word' id='word_1_118' title='bbox 1176 2631 1249 2693; x_wconf 90' lang='lat' dir='ltr'><strong>XX</strong></span> <span class='ocrx_word' id='word_1_119' title='bbox 1262 2630 1283 2694; x_wconf 81' lang='lat' dir='ltr'><strong>i.</strong></span> <span class='ocrx_word' id='word_1_120' title='bbox 1299 2654 1327 2696; x_wconf 86' lang='lat' dir='ltr'><strong>r.</strong></span> <span class='ocrx_word' id='word_1_121' title='bbox 1347 2629 1443 2694; x_wconf 81' lang='lat' dir='ltr'><strong>tttata</strong></span> <span class='ocrx_word' id='word_1_122' title='bbox 1469 2627 1587 2692; x_wconf 84' lang='lat' dir='ltr'><strong>Tralli·</strong></span> 
     </span>
    </p>
   </div>
   <div class='ocr_carea' id='block_1_6' title="bbox 517 2737 1586 2958">
    <p class='ocr_par' dir='ltr' id='par_1_6' title="bbox 517 2737 1586 2958">
     <span class='ocr_line' id='line_1_19' title="bbox 518 2737 1586 2837; baseline -0.005 -24"><span class='ocrx_word' id='word_1_123' title='bbox 518 2747 587 2827; x_wconf 82' lang='lat' dir='ltr'><strong>bus,</strong></span> <span class='ocrx_word' id='word_1_124' title='bbox 616 2748 717 2811; x_wconf 82' lang='lat' dir='ltr'><strong>enixa</strong></span> <span class='ocrx_word' id='word_1_125' title='bbox 744 2737 853 2813; x_wconf 92' lang='lat' dir='ltr'><strong>XXX</strong></span> <span class='ocrx_word' id='word_1_126' title='bbox 873 2758 1007 2837; x_wconf 83' lang='lat' dir='ltr'><strong>partus,</strong></span> <span class='ocrx_word' id='word_1_127' title='bbox 1036 2748 1171 2837; x_wconf 81' lang='lat' dir='ltr'><strong>Alcippe</strong></span> <span class='ocrx_word' id='word_1_128' title='bbox 1198 2749 1414 2837; x_wconf 78' lang='lat' dir='ltr'><strong>elephantum.</strong></span> <span class='ocrx_word' id='word_1_129' title='bbox 1463 2748 1586 2837; x_wconf 80' lang='lat' dir='ltr'><strong>Quam·</strong></span> 
     </span>
     <span class='ocr_line' id='line_1_20' title="bbox 517 2865 781 2958; baseline 0 -28"><span class='ocrx_word' id='word_1_130' title='bbox 517 2890 615 2958; x_wconf 82' lang='lat' dir='ltr'><strong>quom</strong></span> <span class='ocrx_word' id='word_1_131' title='bbox 638 2865 698 2933; x_wconf 84' lang='lat' dir='ltr'><strong>rel.</strong></span> <span class='ocrx_word' id='word_1_132' title='bbox 774 2890 781 2913; x_wconf 52' lang='grc' dir='ltr'><em>τ</em></span> 
     </span>
    </p>
   </div>
   <div class='ocr_carea' id='block_1_7' title="bbox 473 3017 1584 3328">
    <p class='ocr_par' dir='ltr' id='par_1_7' title="bbox 473 3017 1584 3328">
     <span class='ocr_line' id='line_1_21' title="bbox 560 3017 1584 3104; baseline -0.007 -18"><span class='ocrx_word' id='word_1_133' title='bbox 560 3021 716 3086; x_wconf 88' lang='lat' dir='ltr'><strong>Ceteram</strong></span> <span class='ocrx_word' id='word_1_134' title='bbox 738 3018 887 3085; x_wconf 85' lang='lat' dir='ltr'><strong>fortasse</strong></span> <span class='ocrx_word' id='word_1_135' title='bbox 912 3018 1011 3083; x_wconf 88' lang='lat' dir='ltr'><strong>etiarn</strong></span> <span class='ocrx_word' id='word_1_136' title='bbox 1035 3017 1148 3083; x_wconf 90' lang='lat' dir='ltr'><strong>tabula</strong></span> <span class='ocrx_word' id='word_1_137' title='bbox 1169 3020 1260 3103; x_wconf 90' lang='lat' dir='ltr'><strong>pieta</strong></span> <span class='ocrx_word' id='word_1_138' title='bbox 1282 3039 1347 3104; x_wconf 91' lang='lat' dir='ltr'><strong>qua</strong></span> <span class='ocrx_word' id='word_1_139' title='bbox 1371 3019 1479 3085; x_wconf 88' lang='lat' dir='ltr'><strong>Perus</strong></span> <span class='ocrx_word' id='word_1_140' title='bbox 1503 3037 1584 3103; x_wconf 90' lang='lat' dir='ltr'><strong>erga</strong></span> 
     </span>
     <span class='ocr_line' id='line_1_22' title="bbox 474 3132 1582 3225; baseline -0.004 -20"><span class='ocrx_word' id='word_1_141' title='bbox 474 3150 601 3225; x_wconf 86' lang='lat' dir='ltr'><strong>patrem</strong></span> <span class='ocrx_word' id='word_1_142' title='bbox 621 3141 730 3225; x_wconf 80' lang='lat' dir='ltr'><strong>pietas</strong></span> <span class='ocrx_word' id='word_1_143' title='bbox 754 3138 993 3204; x_wconf 82' lang='lat' dir='ltr'><strong>celebrabatur</strong></span> <span class='ocrx_word' id='word_1_144' title='bbox 1018 3132 1083 3223; x_wconf 81' lang='lat' dir='ltr'><strong>(ef.</strong></span> <span class='ocrx_word' id='word_1_145' title='bbox 1101 3138 1214 3205; x_wconf 89' lang='lat' dir='ltr'><strong>Valer.</strong></span> <span class='ocrx_word' id='word_1_146' title='bbox 1225 3138 1318 3203; x_wconf 81' lang='lat' dir='ltr'><strong>Max.</strong></span> <span class='ocrx_word' id='word_1_147' title='bbox 1332 3137 1374 3205; x_wconf 89' lang='lat' dir='ltr'><strong>V.</strong></span> <span class='ocrx_word' id='word_1_148' title='bbox 1386 3139 1417 3205; x_wconf 86' lang='grc'><strong>4.</strong></span> <span class='ocrx_word' id='word_1_149' title='bbox 1441 3150 1512 3207; x_wconf 86' lang='lat' dir='ltr'><strong>ext.</strong></span> <span class='ocrx_word' id='word_1_150' title='bbox 1534 3139 1582 3223; x_wconf 85' lang='lat' dir='ltr'><strong>l),</strong></span> 
     </span>
     <span class='ocr_line' id='line_1_23' title="bbox 473 3258 1142 3328; baseline -0.004 -1"><span class='ocrx_word' id='word_1_151' title='bbox 473 3264 591 3328; x_wconf 89' lang='lat' dir='ltr'><strong>eodem</strong></span> <span class='ocrx_word' id='word_1_152' title='bbox 613 3261 689 3327; x_wconf 89' lang='lat' dir='ltr'><strong>loeo</strong></span> <span class='ocrx_word' id='word_1_153' title='bbox 711 3260 875 3326; x_wconf 84' lang='lat' dir='ltr'><strong>collocata</strong></span> <span class='ocrx_word' id='word_1_154' title='bbox 895 3258 965 3325; x_wconf 85' lang='lat' dir='ltr'><strong>fuit.</strong></span> <span class='ocrx_word' id='word_1_155' title='bbox 1140 3269 1142 3272; x_wconf 82' lang='grc'><strong>’</strong></span> 
     </span>
    </p>
   </div>
   <div class='ocr_carea' id='block_1_8' title="bbox 929 3446 1117 3541">
    <p class='ocr_par' dir='ltr' id='par_1_8' title="bbox 929 3446 1117 3541">
     <span class='ocr_line' id='line_1_24' title="bbox 929 3446 1117 3541; baseline 0 -20"><span class='ocrx_word' id='word_1_156' title='bbox 929 3446 1117 3541; x_wconf 67' lang='lat' dir='ltr'><strong>n=aa</strong></span> 
     </span>
    </p>
   </div>
   <div class='ocr_carea' id='block_1_9' title="bbox 520 3613 1577 3718">
    <p class='ocr_par' dir='ltr' id='par_1_9' title="bbox 520 3613 1577 3718">
     <span class='ocr_line' id='line_1_25' title="bbox 520 3613 1577 3718; baseline -0.003 -25"><span class='ocrx_word' id='word_1_157' title='bbox 520 3618 673 3718; x_wconf 88' lang='lat' dir='ltr'><strong>lpsain</strong></span> <span class='ocrx_word' id='word_1_158' title='bbox 685 3616 813 3692; x_wconf 82' lang='lat' dir='ltr'><strong>Africa</strong></span> <span class='ocrx_word' id='word_1_159' title='bbox 836 3615 912 3692; x_wconf 90' lang='lat' dir='ltr'><strong>vidi</strong></span> <span class='ocrx_word' id='word_1_160' title='bbox 939 3625 1117 3690; x_wconf 90' lang='lat' dir='ltr'><strong>mutatum</strong></span> <span class='ocrx_word' id='word_1_161' title='bbox 1142 3613 1181 3690; x_wconf 90' lang='lat' dir='ltr'><strong>in</strong></span> <span class='ocrx_word' id='word_1_162' title='bbox 1207 3639 1346 3693; x_wconf 89' lang='lat' dir='ltr'><strong>marem</strong></span> <span class='ocrx_word' id='word_1_163' title='bbox 1371 3618 1577 3717; x_wconf 88' lang='lat' dir='ltr'><strong>nuptiarum</strong></span> 
     </span>
    </p>
   </div>
   <div class='ocr_carea' id='block_1_10' title="bbox 518 3750 1576 4665">
    <p class='ocr_par' dir='ltr' id='par_1_10' title="bbox 518 3750 1576 4665">
     <span class='ocr_line' id='line_1_26' title="bbox 521 3750 1576 3855; baseline -0.004 -26"><span class='ocrx_word' id='word_1_164' title='bbox 521 3752 581 3829; x_wconf 89' lang='lat' dir='ltr'><strong>die</strong></span> <span class='ocrx_word' id='word_1_165' title='bbox 615 3754 661 3829; x_wconf 83' lang='lat' dir='ltr'><strong>L.</strong></span> <span class='ocrx_word' id='word_1_166' title='bbox 696 3750 905 3830; x_wconf 79' lang='lat' dir='ltr'><strong>Ooasicium</strong></span> <span class='ocrx_word' id='word_1_167' title='bbox 939 3752 1055 3830; x_wconf 90' lang='lat' dir='ltr'><strong>civem</strong></span> <span class='ocrx_word' id='word_1_168' title='bbox 1089 3754 1395 3855; x_wconf 73' lang='lat' dir='ltr'><strong>Thysdritanum.</strong></span> <span class='ocrx_word' id='word_1_169' title='bbox 1452 3752 1576 3831; x_wconf 83' lang='lat' dir='ltr'><strong>Editis</strong></span> 
     </span>
     <span class='ocr_line' id='line_1_27' title="bbox 519 3888 1574 3992; baseline -0.002 -27"><span class='ocrx_word' id='word_1_170' title='bbox 519 3888 674 3992; x_wconf 76' lang='lat' dir='ltr'><strong>geminis</strong></span> <span class='ocrx_word' id='word_1_171' title='bbox 700 3913 821 3963; x_wconf 90' lang='lat' dir='ltr'><strong>raram</strong></span> <span class='ocrx_word' id='word_1_172' title='bbox 852 3914 937 3963; x_wconf 86' lang='lat' dir='ltr'><strong>essa</strong></span> <span class='ocrx_word' id='word_1_173' title='bbox 965 3899 1029 3965; x_wconf 90' lang='lat' dir='ltr'><strong>aut</strong></span> <span class='ocrx_word' id='word_1_174' title='bbox 1050 3916 1261 3991; x_wconf 88' lang='lat' dir='ltr'><strong>puerperae</strong></span> <span class='ocrx_word' id='word_1_175' title='bbox 1287 3902 1350 3966; x_wconf 90' lang='lat' dir='ltr'><strong>aut</strong></span> <span class='ocrx_word' id='word_1_176' title='bbox 1374 3890 1574 3992; x_wconf 91' lang='lat' dir='ltr'><strong>puerperio</strong></span> 
     </span>
     <span class='ocr_line' id='line_1_28' title="bbox 519 4024 1575 4125; baseline -0.002 -25"><span class='ocrx_word' id='word_1_177' title='bbox 519 4036 777 4125; x_wconf 88' lang='lat' dir='ltr'><strong>praeterquam</strong></span> <span class='ocrx_word' id='word_1_178' title='bbox 793 4024 898 4099; x_wconf 91' lang='lat' dir='ltr'><strong>alteri</strong></span> <span class='ocrx_word' id='word_1_179' title='bbox 918 4024 1049 4118; x_wconf 83' lang='lat' dir='ltr'><strong>vitam3</strong></span> <span class='ocrx_word' id='word_1_180' title='bbox 1076 4025 1108 4100; x_wconf 91' lang='lat' dir='ltr'><strong>si</strong></span> <span class='ocrx_word' id='word_1_181' title='bbox 1130 4051 1219 4101; x_wconf 87' lang='lat' dir='ltr'><strong>vero</strong></span> <span class='ocrx_word' id='word_1_182' title='bbox 1247 4025 1440 4125; x_wconf 89' lang='lat' dir='ltr'><strong>utriusque</strong></span> <span class='ocrx_word' id='word_1_183' title='bbox 1462 4050 1575 4103; x_wconf 87' lang='lat' dir='ltr'><strong>sexus</strong></span> 
     </span>
     <span class='ocr_line' id='line_1_29' title="bbox 519 4158 1574 4260; baseline 0.001 -27"><span class='ocrx_word' id='word_1_184' title='bbox 519 4160 610 4235; x_wconf 91' lang='lat' dir='ltr'><strong>editi</strong></span> <span class='ocrx_word' id='word_1_185' title='bbox 640 4160 714 4234; x_wconf 87' lang='lat' dir='ltr'><strong>sint</strong></span> <span class='ocrx_word' id='word_1_186' title='bbox 739 4158 873 4258; x_wconf 83' lang='lat' dir='ltr'><strong>gemini</strong></span> <span class='ocrx_word' id='word_1_187' title='bbox 902 4161 1082 4234; x_wconf 90' lang='lat' dir='ltr'><strong>rariorem</strong></span> <span class='ocrx_word' id='word_1_188' title='bbox 1113 4160 1261 4260; x_wconf 89' lang='lat' dir='ltr'><strong>utrique</strong></span> <span class='ocrx_word' id='word_1_189' title='bbox 1284 4162 1452 4236; x_wconf 88' lang='lat' dir='ltr'><strong>salutem.</strong></span> <span class='ocrx_word' id='word_1_190' title='bbox 1502 4162 1574 4235; x_wconf 75' lang='lat' dir='ltr'><strong>ae-</strong></span> 
     </span>
     <span class='ocr_line' id='line_1_30' title="bbox 519 4290 1572 4395; baseline 0.002 -28"><span class='ocrx_word' id='word_1_191' title='bbox 519 4290 634 4367; x_wconf 87' lang='lat' dir='ltr'><strong>miuas</strong></span> <span class='ocrx_word' id='word_1_192' title='bbox 657 4293 816 4371; x_wconf 82' lang='lat' dir='ltr'><strong>celerius</strong></span> <span class='ocrx_word' id='word_1_193' title='bbox 844 4293 944 4393; x_wconf 85' lang='lat' dir='ltr'><strong>gigni</strong></span> <span class='ocrx_word' id='word_1_194' title='bbox 973 4319 1080 4395; x_wconf 90' lang='lat' dir='ltr'><strong>qnam</strong></span> <span class='ocrx_word' id='word_1_195' title='bbox 1109 4319 1249 4390; x_wconf 88' lang='lat' dir='ltr'><strong>mares,</strong></span> <span class='ocrx_word' id='word_1_196' title='bbox 1281 4295 1390 4371; x_wconf 87' lang='lat' dir='ltr'><strong>sicuti</strong></span> <span class='ocrx_word' id='word_1_197' title='bbox 1416 4296 1572 4372; x_wconf 90' lang='lat' dir='ltr'><strong>celerius</strong></span> 
     </span>
     <span class='ocr_line' id='line_1_31' title="bbox 518 4410 1572 4529; baseline 0.004 -26"><span class='ocrx_word' id='word_1_198' title='bbox 518 4448 739 4521; x_wconf 82' lang='lat' dir='ltr'><strong>senescare3</strong></span> <span class='ocrx_word' id='word_1_199' title='bbox 769 4429 918 4529; x_wconf 85' lang='lat' dir='ltr'><strong>saepius</strong></span> <span class='ocrx_word' id='word_1_200' title='bbox 949 4410 988 4504; x_wconf 90' lang='lat' dir='ltr'><strong>in</strong></span> <span class='ocrx_word' id='word_1_201' title='bbox 1013 4438 1121 4506; x_wconf 89' lang='lat' dir='ltr'><strong>utero</strong></span> <span class='ocrx_word' id='word_1_202' title='bbox 1147 4431 1289 4509; x_wconf 90' lang='lat' dir='ltr'><strong>moveri</strong></span> <span class='ocrx_word' id='word_1_203' title='bbox 1314 4456 1435 4507; x_wconf 86' lang='lat' dir='ltr'><strong>mares</strong></span> <span class='ocrx_word' id='word_1_204' title='bbox 1468 4442 1507 4508; x_wconf 88' lang='lat' dir='ltr'><strong>et</strong></span> <span class='ocrx_word' id='word_1_205' title='bbox 1536 4431 1572 4507; x_wconf 87' lang='lat' dir='ltr'><strong>in</strong></span> 
     </span>
     <span class='ocr_line' id='line_1_32' title="bbox 520 4564 1424 4665; baseline 0.001 -25"><span class='ocrx_word' id='word_1_206' title='bbox 520 4564 677 4643; x_wconf 86' lang='lat' dir='ltr'><strong>dextera</strong></span> <span class='ocrx_word' id='word_1_207' title='bbox 699 4564 781 4642; x_wconf 85' lang='lat' dir='ltr'><strong>fare</strong></span> <span class='ocrx_word' id='word_1_208' title='bbox 806 4564 886 4663; x_wconf 85' lang='lat' dir='ltr'><strong>geri</strong></span> <span class='ocrx_word' id='word_1_209' title='bbox 911 4572 1038 4665; x_wconf 90' lang='lat' dir='ltr'><strong>parte,</strong></span> <span class='ocrx_word' id='word_1_210' title='bbox 1063 4564 1102 4642; x_wconf 92' lang='lat' dir='ltr'><strong>in</strong></span> <span class='ocrx_word' id='word_1_211' title='bbox 1126 4568 1231 4646; x_wconf 81' lang='lat' dir='ltr'><strong>laeva</strong></span> <span class='ocrx_word' id='word_1_212' title='bbox 1255 4567 1424 4643; x_wconf 81' lang='lat' dir='ltr'><strong>feminas.</strong></span> 
     </span>
    </p>
   </div>
   <div class='ocr_carea' id='block_1_11' title="bbox 0 0 1854 5625">
    <p class='ocr_par' dir='ltr' id='par_1_11' title="bbox 0 0 1854 5625">
     <span class='ocr_line' id='line_1_33' title="bbox 0 0 1854 5625; baseline 0 7"><span class='ocrx_word' id='word_1_213' title='bbox 0 0 1854 5625; x_wconf 95' lang='lat' dir='ltr'><strong> </strong></span> 
     </span>
    </p>
   </div>
  </div>
 </body>
</html>
