3700 5625
475 739 520 816 74
847 821 852 828 ‚
927 744 1019 814 aare
1039 741 1131 812 did.

557 937 794 1020 Quaerentibus
823 941 933 1025 uobis,
967 939 1128 1028 quomodo
1159 940 1299 1010 Plinium
1335 940 1376 1008 ab
1401 939 1568 1008 incredibili

474 1077 596 1139 errore,
625 1077 687 1143 quo
715 1056 818 1143 Cyrus
845 1059 999 1144 Assyriae
1027 1079 1086 1124 rex
1111 1057 1244 1140 dicito,
1279 1057 1467 1141 liberemus,
1493 1077 1570 1124 unus

475 1173 631 1261 Apuleius
652 1173 736 1254 riam
759 1180 932 1258 monstrat,
960 1175 1086 1240 codices
1108 1176 1193 1241 enim
1221 1182 1347 1241 nostros
1369 1195 1387 1240 e
1413 1175 1493 1239 libro
1513 1173 1568 1237 hoc

422 1292 426 1300 ’
475 1291 601 1377 quidem
629 1291 700 1356 loco
719 1291 912 1374 interpolato
943 1292 1120 1378 descriptos
1143 1312 1214 1357 esse
1246 1298 1361 1378 sponte
1381 1290 1567 1377 intelligitur.

473 1407 525 1473 le
544 1407 593 1473 bie
613 1409 711 1494 igitur
731 1408 860 1495 Apulaii
882 1409 1003 1474 verbis:

446 1544 451 1552 '
513 1532 589 1592 silue
609 1532 842 1616 idmsqmtromb
862 1532 926 1590 siue
947 1532 1067 1608 assyrio
1088 1531 1211 1605 osopio
1231 1531 1324 1606 syrtis
1342 1531 1417 1604 fecit
1440 1590 1444 1596 .

538 1643 604 1710 Sili.
622 1642 894 1730 egregiequidem
907 1644 1015 1708 elicuit
1029 1649 1174 1727 Assyriae
1189 1649 1307 1726 rapina
1330 1643 1390 1708 ssd
1403 1643 1479 1708 dum
1492 1641 1570 1708 codi-

475 1781 548 1828 oum
570 1768 602 1829 et
624 1761 754 1848 Apuleii
773 1761 928 1826 lectiones
947 1767 1068 1825 umere
1091 1761 1309 1826 contaminare
1327 1761 1445 1843 studet,
1467 1782 1496 1825 v.
1517 1765 1572 1826 uve

473 1900 558 1966 pono
572 1902 601 1946 r
614 1884 721 1958 recino
735 1880 933 1964 transposuit
954 1885 987 1943 et
1006 1901 1035 1944 r.
1059 1885 1137 1944 adua
1151 1878 1310 1944 excidisse
1332 1884 1422 1944 ratus
1437 1877 1571 1962 Cyrusin

474 2001 572 2079 Syrus
582 1997 727 2062 mumvit.
748 1997 845 2061 lanus
867 2003 975 2062 autem
997 1998 1167 2083 Apuleium
1187 1997 1339 2082 neglexit,
1360 1996 1394 2062 in
1416 1994 1571 2062 codicibus

475 2119 570 2199 Cyrus:
591 2120 723 2198 asans
736 2120 918 2200 corruptum
933 2135 1005 2179 esse
1023 2114 1195 2180 arbitratus
1217 2120 1275 2197 est,
1297 2112 1404 2196 oredo,
1427 2133 1499 2178 oum
1520 2113 1572 2176 As·

473 2234 579 2320 syriae
599 2253 708 2320 regem
728 2234 836 2298 nescio
859 2251 953 2318 quem
977 2234 1091 2318 Syrum
1112 2231 1287 2318 imperasse
1318 2232 1378 2297 sibi
1398 2229 1571 2318 persuasis·

473 2357 532 2418 sat.
573 2350 642 2416 Nos
679 2370 755 2418 vero
782 2352 954 2437 Apuleium
982 2365 1106 2415 summa
1147 2349 1211 2414 fide
1254 2369 1434 2436 sequamur.
1477 2349 1570 2433 Assy·

472 2469 540 2533 riae
570 2469 592 2533 i.
613 2488 641 2532 e.
669 2467 916 2554 Babyloniorum
948 2469 1092 2556 reginam
1120 2469 1304 2533 nominasse
1334 2465 1497 2554 putandus
1529 2469 1573 2530 est

474 2584 647 2672 (Assyriae
661 2585 746 2649 enim
758 2588 886 2684 nominc
897 2588 1109 2674 Babyloniam
1125 2585 1352 2672 comprehendi
1372 2587 1424 2652 rel
1443 2587 1501 2660 Vl.
1516 2586 1571 2654 117

473 2710 506 2769 et
528 2703 587 2770 121
610 2701 782 2787 officum),
825 2724 960 2793 eamque
989 2706 1117 2771 nomine
1154 2703 1312 2790 appellat,
1353 2706 1444 2769 ouius
1467 2704 1572 2772 ultima

473 2822 596 2910 syllaba
625 2829 671 2887 ris
699 2822 873 2888 etiamnum
905 2826 1026 2889 exstat:
1054 2824 1212 2910 reliquum
1240 2830 1290 2887 est
1318 2830 1354 2888 ut
1379 2825 1499 2910 primae
1529 2824 1572 2887 in·

472 2940 638 3027 degemus.
679 2943 791 3026 ltaque
814 2960 914 3027 neque
936 2942 977 3006 de
998 2942 1109 3006 Aroita
1131 2962 1236 3028 nsque
1266 2941 1306 3006 de
1328 2941 1468 3006 Amnbis
1488 2940 1570 3026 cogi·

471 3042 532 3125 tari
550 3059 642 3138 licet,
664 3079 760 3145 quam
780 3078 798 3124 e
821 3059 970 3145 Syncello
992 3067 1025 3123 et
1045 3079 1086 3123 ex
1107 3060 1300 3127 Armeniaca
1321 3060 1454 3129 ensebii
1475 3060 1568 3125 inter·

471 3175 651 3263 pretatione
678 3178 828 3242 novimus
861 3177 918 3263 (oi.
943 3176 1096 3242 Niebuhr.
1131 3198 1240 3264 opusc.
1267 3178 1292 3244 I.
1321 3198 1352 3263 p.
1379 3178 1470 3263 wil),
1515 3175 1571 3241 etsi
1651 3242 1652 3269 y

472 3294 608 3359 eandem
630 3294 729 3358 fnisse
749 3302 893 3381 apparet,
915 3314 998 3380 quse
1021 3295 1157 3361 elladio
1174 3268 1569 3380 babylonem'advcnoo.

470 3412 751 3478 Nebucadneraris
777 3431 922 3478 uxorem.
965 3411 1048 3479 Nem
1077 3412 1144 3482 siue
1173 3412 1213 3476 ab
1242 3412 1297 3476 illa
1325 3413 1393 3478 sive
1422 3411 1569 3476 amarito

471 3531 581 3596 hortos
608 3530 750 3617 pensiles
777 3536 956 3595 exstructos
979 3549 1051 3593 esse
1080 3536 1112 3593 et
1132 3533 1271 3595 Berosus
1296 3529 1383 3616 apud
1405 3527 1568 3619 losephum
1650 3544 1651 3623 j

471 3652 507 3713 X.
531 3650 571 3715 11
594 3655 626 3713 et
648 3647 808 3712 Diodorus
819 3650 857 3712 11.
880 3647 920 3714 10
941 3648 1101 3732 Pliniique
1124 3648 1267 3735 aequalis
1289 3646 1419 3713 Curtius
1441 3646 1477 3712 V.
1493 3649 1518 3715 1.
1531 3646 1568 3713 35
1650 3636 1651 3639 ¹

470 3766 677 3833 tradiderunt.
719 3765 815 3829 Aliud
857 3766 955 3851 igitur
997 3784 1114 3830 nomen
1147 3766 1466 3852 circumspiciendum
1501 3764 1568 3845 erit,

470 3884 557 3972 quod
589 3884 617 3948 is
647 3882 701 3969 qui
728 3883 761 3946 iu
794 3881 900 3947 indice
934 3890 1098 3948 auctorum
1126 3889 1348 3967 enumeratur,
1389 3880 1567 3949 Herodotus

470 4002 497 4068 I.
518 4002 579 4070 185
601 4000 802 4087 suppeditat,
831 4003 984 4088 cuiusque
1006 4004 1109 4087 prima
1138 4004 1339 4067 litterarum
1362 3998 1566 4087 praecedente
1649 4054 1650 4075 y

464 4118 626 4185 ⁴vocabulo
648 4119 782 4186 confusa
805 4128 919 4186 exstat.
963 4120 1047 4196 Quid
1069 4120 1190 4185 multa?
1209 4118 1381 4205 legendum
1399 4124 1463 4183 est:
1649 4094 1650 4105 ¹

511 4243 575 4301 siue
595 4241 663 4301 illos
682 4242 856 4320 Semiramis
875 4245 937 4304 aaa
956 4246 1101 4320 Assyriae
1121 4244 1229 4318 repina
1251 4242 1423 4303 Nitocrts
1441 4240 1521 4314 fecit.

554 4350 706 4417 Ceterum
728 4356 847 4421 Plinius
869 4357 1035 4442 promissis
1051 4376 1115 4420 non
1139 4356 1237 4439 stetit,
1259 4373 1397 4440 nemque
1419 4348 1563 4419 XXXVI·

471 4471 513 4538 91
533 4468 574 4535 de
596 4469 846 4556 Babyloniorum
867 4474 969 4539 hortis
989 4473 1067 4537 nibil
1087 4451 1349 4553 retulit-scilicet
1370 4476 1565 4557 praematura
1648 4538 1649 4549 y

409 4639 417 4647 ·
471 4595 572 4661 morte
594 4589 763 4673 quominus
785 4609 865 4675 opus
887 4592 1068 4657 absolveret
1088 4588 1303 4676 praepeditus.
1333 4589 1452 4675 Magno
1473 4587 1561 4673 igitur

470 4711 658 4789 argumento
681 4705 809 4791 Apuleii
836 4708 1010 4793 excerptis,
1046 4711 1116 4771 utut
1147 4706 1323 4793 corruptis,
1359 4700 1561 4781 maioremin
