3700 5625
716 718 804 780 coer
824 717 952 783 xxm.
1329 711 1402 804 129,

500 789 512 829 ᾗ
609 797 615 813 s

284 909 456 984 verborum
480 909 661 978 emendatio
683 916 846 998 tamquam
868 910 975 982 stabili
995 909 1204 990 fundamento
1223 909 1314 974 inniti
1336 905 1390 973 de-

284 1028 394 1096 bebat.
418 1026 605 1102 Quaeenim
626 1028 681 1092 ille
701 1027 794 1094 a133
811 1028 857 1092 aio
871 1028 1014 1093 elocutus
1037 1035 1101 1091 est:
1126 1027 1189 1093 σὺν
1204 1023 1340 1112 πηγάνῳ
1353 1024 1391 1090 δὲ
1512 1033 1515 1044 ’

282 1143 494 1232 dealbandas
517 1145 674 1234 στρόφων
690 1139 782 1214 ἐστίν
798 1141 976 1229 ἔγκίυσμα,
999 1145 1174 1234 ea'Plinins
1197 1143 1239 1210 ad
1259 1127 1391 1208 verbnni

282 1261 402 1329 eodem
430 1269 561 1328 auctore
588 1282 665 1326 nans
695 1262 867 1348 expressit:
909 1273 1067 1327 cumrato
1091 1266 1392 1352 coctaetorminibcs

279 1393 421 1460 prosunt.
466 1379 586 1444 Vocem
609 1384 784 1443 torminibus
802 1378 927 1445 Graeco
949 1379 1106 1468 στρόφων
1127 1378 1321 1464 respondere
1343 1377 1391 1441 in·

282 1497 457 1583 telligitnr,
500 1497 565 1561 iarn
597 1516 617 1559 a
644 1495 789 1561 Barbaro
822 1496 930 1562 nescio
953 1515 995 1560 an
1017 1517 1034 1562 e
1056 1497 1123 1560 suis
1151 1495 1314 1562 codicibus
1342 1515 1392 1558 re·

281 1621 431 1701 ceptam3
460 1625 548 1678 cocto
580 1625 609 1675 et
629 1619 778 1696 omnibns,
816 1610 900 1700 quod
923 1613 995 1678 libri
1017 1615 1116 1677 nostri
1138 1613 1273 1694 habent,
1295 1610 1392 1674 Ianus

278 1730 398 1796 maluit
419 1731 452 1795 in
474 1742 579 1795 coctu
606 1743 636 1794 et
656 1736 791 1795 omnibns
822 1738 963 1813 mutare,
985 1751 1091 1817 »qnam
1126 1731 1167 1794 ad
1200 1729 1392 1794 sententiam

279 1857 376 1934 apte,
409 1867 475 1914 non
497 1845 654 1928 diindico‚
686 1869 785 1914 unum
806 1868 922 1914 moneo
944 1861 1050 1912 coctae
1070 1853 1215 1912 commorer
1235 1848 1291 1913 rix
1312 1845 1392 1911 diffi-

280 1967 376 2032 cilius
398 1965 432 2034 in
455 1976 561 2031 coctae
576 1970 749 2034 cominatus
772 1966 898 2050 corrigi.
941 1963 992 2030 Ita
1011 1964 1072 2030 hoc
1085 1965 1182 2030 Plinii
1203 1985 1275 2029 curn
1296 1963 1392 2030 Dios·

279 2083 393 2149 coride
422 2102 583 2148 consensu
609 2084 757 2148 restituto
787 2083 922 2146 alterum
950 2082 1040 2148 initio
1071 2083 1133 2146 loci
1155 2084 1323 2168 anquirere
1344 2081 1391 2144 ln·

278 2201 346 2269 bet.
391 2197 517 2278 καίείς
532 2201 592 2278 τὰς
614 2197 797 2287 &polticeor
819 2199 856 2265 δὲ
882 2205 1036 2283 μίγνυται
1057 2206 1114 2266 καί
1136 2198 1182 2278 είς
1203 2207 1392 2282 γυναικείας
1443 2289 1448 2294 ¹

277 2325 406 2407 πυρίας
428 2317 651 2403 parcissime
673 2317 691 2404 ἢ
711 2317 871 2403 πτισάνης
892 2316 1100 2382 Dioscorides
1128 2318 1271 2403 scripsit:
1295 2319 1392 2403 apina·

190 2407 192 2414 Α
278 2443 328 2500 ret
368 2433 435 2499 feni
458 2435 574 2500 Graeci
597 2435 793 2500 mentionem
815 2457 835 2499 e
854 2433 920 2499 Sill.
943 2443 1030 2500 recte
1051 2434 1093 2500 ad
1114 2435 1249 2499 feminas
1270 2435 1392 2518 roferri,

191 2542 193 2549 ’
278 2552 398 2618 Ianum
419 2551 571 2618 librorum
593 2550 684 2616 MSS.
708 2552 897 2637 scripturam
925 2555 1054 2626 feminas
1076 2573 1193 2632 qaoque
1213 2561 1300 2617 recte
1324 2556 1391 2639 qui·

279 2671 355 2736 dem
378 2669 558 2734 restituisse
573 2666 647 2734 sed
668 2670 753 2734 male
782 2689 802 2733 a
829 2660 903 2734 leno
926 2651 1052 2734 Graeco
1084 2671 1273 2735 seiunxiasc.
1338 2673 1392 2736 Se·

191 2786 193 2791 ’
279 2791 392 2877 quitur
422 2787 534 2852 tertius
571 2787 736 2874 utriusque
773 2788 945 2873 scriptoris.
971 2808 1155 2854 consensus.
1213 2797 1282 2867 τοῖς
1316 2796 1393 2876 περὶ

192 2897 205 2928 ”
281 2907 461 2991 πνεύμονα
478 2912 622 2996 χρονίοις
640 2906 769 2972 πάθεσι
790 2927 872 2992 quae
894 2914 969 2971 sunt
990 2906 1075 2992 apud
1092 2905 1315 2972 Dioscoridem
1326 2908 1391 2972 Pli-

280 3028 357 3090 nius
379 3024 530 3109 plcuritin
558 3022 690 3089 addidit.
733 3022 848 3109 Itaque
869 3046 948 3090 voce
982 3037 1010 3087 et
1030 3045 1112 3111 quea
1135 3030 1174 3090 ab
1198 3046 1218 3089 a
1246 3025 1338 3091 abest
1359 3028 1391 3090 in

281 3156 326 3208 est
346 3139 618 3229 muteta'levique
641 3143 888 3229 transpositione
907 3143 993 3209 facto
1013 3144 1163 3229 legimus:

330 3266 408 3326 Utile
429 3273 474 3323 ert
495 3266 559 3325 dec.
578 3264 682 3336 fovere
703 3282 806 3324 eorum
815 3264 947 3338 femincs'
960 3281 1077 3342 qnoque
1090 3282 1155 3325 cum
1170 3269 1242 3339 senc
1260 3270 1392 3347 Groe003

327 3384 472 3444 decoctae
489 3384 610 3442 eaedem
633 3385 718 3443 utiles
738 3392 808 3444 sunt
828 3399 852 3443 e.
872 3402 903 3461 p.
927 3402 952 3445 e.
969 3402 1002 3460 p.
1029 3384 1100 3444 Cum
1121 3392 1192 3445 ruta
1214 3383 1268 3446 rel.

725 3502 794 3574 132
821 3542 862 3572 =
888 3505 985 3590 iffi·
1142 3531 1146 3553 ¹
1393 3492 1453 3559 505

338 3628 491 3707 Utiliora
518 3629 663 3729 persica
706 3652 893 3729 sucusque
930 3654 1055 3719 eorum
1095 3633 1203 3708 etiarn
1230 3634 1266 3709 in
1307 3633 1392 3711 vino
1473 3654 1477 3661 ·

338 3769 400 3837 aut
426 3762 464 3837 in
490 3769 596 3839 aceto
624 3784 837 3862 expressus,
873 3761 944 3857 Qui
970 3764 1063 3841 alius
1090 3768 1169 3843 eius
1196 3767 1315 3867 pomis
1340 3767 1396 3841 ins

339 3894 537 3972 nocentior
558 3894 688 3971 cibus?

371 4026 561 4092 commotae
583 4027 720 4091 orationi
740 4027 829 4091 locus
852 4049 916 4092 non
940 4034 1006 4112 θεὲ,1
1038 4049 1120 4114 quae
1142 4031 1289 4115 suppleta
1318 4037 1392 4094 ente

290 4166 319 4209 v.
343 4163 401 4225 qne
434 4144 515 4225 (hoc
543 4145 628 4208 enim
655 4144 688 4207 in
719 4145 808 4209 libris
835 4146 1010 4231 reperitur)
1042 4146 1165 4230 syllaba
1187 4146 1392 4215 emendatrn:

291 4281 457 4344 expressos,
478 4283 597 4341 neque
620 4300 654 4309 -
679 4266 773 4346 tibus,
795 4262 964 4346 cf.§.135.
987 4264 1056 4332 136.
1080 4264 1109 4348 ξ.
1130 4266 1187 4333 141
1211 4286 1282 4331 cum
1305 4266 1393 4330 libris

292 4388 409 4445 cocao
429 4387 466 4446 nt
487 4378 574 4466 apud
595 4379 742 4447 Dioscor.
763 4361 876 4462 12157,
896 4401 962 4447 non
983 4400 1092 4446 ceram
1115 4385 1228 4451 scribo.
1334 4418 1337 4433 ·

724 4552 793 4625 142
806 4578 852 4611 =
865 4552 961 4640 854.
1284 4660 1287 4666 Ι
1394 4566 1455 4633 506

342 4676 469 4757 Nuclei
508 4680 616 4758 nucis
654 4682 785 4781 pineae
812 4726 855 4741 -
883 4727 930 4739 -
956 4682 1084 4763 lauces
1122 4684 1292 4763 videntur
1331 4711 1395 4765 ex·
1426 4678 1430 4689 ’

1236 4819 1256 4889 9
