3700 5625
402 1280 466 1349 272

486 729 528 798 12
632 789 636 796 .
805 687 809 693 ⁴
936 733 1026 797 Liber
1047 734 1136 798 XVI.

568 929 693 995 Scribe:
715 933 827 1007 etdem3
850 936 1004 1010 eidemque
1023 931 1088 996 iam
1109 929 1142 997 in
1164 927 1215 994 ed.
1236 928 1447 1016 Delecampii.
1468 927 1578 994 Ibidem

486 1049 515 1133 ἓ.
536 1049 598 1114 114
616 1054 647 1112 in
671 1053 729 1114 Ceo
751 1055 848 1115 imula
869 1069 887 1114 e
907 1049 996 1114 libris
1019 1047 1074 1114 ad
1097 1047 1300 1164 scribendum
1322 1055 1387 1132 est,
1419 1046 1486 1112 Oea
1506 1047 1579 1112 eninr

484 1186 550 1231 non
573 1165 760 1252 appellatur.

879 1271 1198 1356 120=2o.30‚52.

533 1415 669 1493 Ferunt
704 1422 740 1497 et
766 1416 959 1496 abellanae
983 1416 1080 1494 iulos
1107 1411 1316 1516 compactili
1342 1415 1439 1494 callo
1466 1416 1513 1492 ad
1536 1415 1582 1491 ni·

399 1649 401 1652 ¹
533 1549 584 1626 hil
598 1549 726 1645 utiles3
753 1531 908 1651 plurima
934 1574 1023 1628 vero
1046 1551 1192 1648 'burrus3
1219 1555 1356 1626 namet
1383 1573 1513 1626 semen
1530 1553 1582 1625 su·‘

523 1706 595 1795 num
624 1690 660 1760 ct
684 1707 842 1784 granum
867 1685 970 1785 quod
998 1690 1208 1784 crataegum
1234 1688 1388 1774 vocant,
1416 1689 1454 1759 et
1474 1705 1583 1782 asep-

534 1816 717 1894 tentrione
751 1817 915 1910 viscum,
956 1841 978 1893 a
1017 1811 1169 1894 rrleridie
1202 1814 1386 1917 hyphear,
1429 1815 1477 1892 de
1511 1813 1583 1913 quis

534 1947 892 2050 pluramoxpau103
917 1951 1177 2049 interdumque
1202 1949 1338 2050 pariter
1363 1971 1425 2026 res
1448 1954 1583 2048 quater-

532 2105 605 2159 nas
625 2081 776 2159 babent.

568 2231 854 2316 impeditissimum
874 2233 980 2297 locam
1002 2233 1129 2318 iamque
1146 2232 1179 2296 in
1203 2229 1375 2316 archetypo
1399 2229 1511 2295 codice
1526 2229 1583 2294 foe

465 2349 535 2413 ‘dis
557 2349 682 2414 mendis
701 2350 902 2435 inquinatum
924 2351 1064 2415 violento
1087 2350 1265 2435 eodemque
1287 2348 1469 2412 certissimo
1492 2366 1583 2412 rema·

485 2466 537 2532 (lio
565 2465 759 2535 sanabimus.
809 2456 890 2533 Leve
916 2474 966 2532 est
993 2467 1078 2562 qupd
1110 2466 1268 2532 Graecum
1298 2457 1492 2532 vocabulum
1518 2439 1584 2528 iulos
1633 2537 1638 2553 Ι

483 2585 517 2648 in
539 2591 645 2648 cautes
657 2582 845 2648 mutandum
861 2605 933 2650 esse
950 2605 1128 2667 censemus,
1149 2586 1187 2652 τὸ
1209 2584 1395 2671 poeoveosg
1407 2582 1583 2668 Theophra

485 2702 526 2766 sti
542 2701 599 2769 III.
621 2703 649 2769 5.
672 2704 703 2786 b,
723 2722 819 2793 quem
847 2723 926 2767 sane
950 2703 1050 2767 altero
1072 2703 1222 2778 loco„IlI.
1244 2703 1274 2771 7.
1296 2703 1325 2769 3.
1348 2701 1465 2769 ἴουλον
1486 2699 1583 2788 appel·

483 2820 543 2884 lat:
566 2821 599 2884 in
621 2820 660 2885 iis
673 2840 765 2907 'quae
787 2828 963 2907 sequuntur
976 2822 1086 2913 gravia
1106 2822 1240 2888 vulnera
1260 2820 1397 2906 primum
1420 2826 1515 2885 crunt
1532 2818 1580 2884 de·

484 2937 634 3024 tegenda.
676 2938 808 3002 Falsum
831 2940 915 3003 enim
938 2945 1004 3022 ast,
1026 2941 1148 3004 buxum
1170 2959 1221 3004 res
1243 2939 1314 3003 illas
1337 2943 1512 3025 quaternas
1532 2936 1581 3001 ha·
1638 2988 1645 3003 .

483 3055 575 3139 bere,
599 3054 714 3139 falsum
738 3061 922 3143 crataegum
945 3077 1080 3145 granum
1102 3056 1324 3143 barisanam,
1357 3076 1463 3142 neque
1486 3053 1581 3121 Plinio

484 3173 566 3238 tales
587 3150 712 3239 errores
731 3174 891 3261 imputare
912 3174 1038 3258 licebit,
1061 3175 1225 3260 cumipse
1247 3194 1281 3238 sa
1302 3193 1381 3237 mox
1400 3174 1462 3237 ie.
1481 3172 1580 3259 §.24b

485 3290 526 3355 de
546 3292 633 3357 visco
648 3298 695 3369 xet
721 3291 886 3379 hypheare
907 3294 1001 3379 plura
1029 3292 1187 3356 dicturum
1209 3311 1282 3356 esse
1303 3292 1511 3377 profiteatur,
1544 3287 1582 3354 ibi

485 3415 593 3473 autem
617 3407 658 3473 de
679 3410 762 3491 ilice,
784 3429 919 3496 quercu,
943 3410 1016 3477 aliis
1034 3409 1201 3475 arboribus
1212 3410 1320 3495 plura,
1342 3407 1421 3472 nihil
1436 3386 1486 3472 ¹de
1505 3407 1581 3472 buxo

484 3532 601 3593 narret.
644 3526 836 3601 Quaerenda
856 3534 906 3591 est
926 3528 1024 3614 igitur
1046 3548 1100 3610 ea,
1124 3526 1165 3592 da
1186 3548 1250 3613 qua
1271 3547 1355 3591 nunc
1375 3525 1464 3611 loqui
1475 3530 1581 3611 putan-

420 3684 431 3700 x
485 3643 545 3707 dus
580 3643 638 3725 sit,
671 3643 775 3711 arbor.
830 3644 920 3719 Quae
954 3644 1190 3731 demonstratur
1216 3643 1266 3708 his
1287 3643 1394 3708 verbis
1422 3662 1465 3706 err
1485 3640 1582 3707 indica

483 3761 555 3826 libri
576 3760 662 3828 XVl.
691 3764 736 3845 ,ln
760 3750 874 3849 quibus
897 3762 989 3848 plura
1008 3783 1115 3827 rernm
1138 3782 1259 3849 genera
1279 3760 1463 3847 gignantur.
1494 3762 1580 3823 Orac·

484 3881 643 3965 taegnm,‘
663 3880 863 3944 'nominatur
890 3880 942 3944 hic
970 3900 1096 3967 quoque
1117 3899 1228 3945 varum
1256 3899 1321 3943 non
1345 3898 1402 3943 suo
1423 3878 1494 3943 loco
1520 3894 1580 3941 era·

450 4017 454 4039 ‘
484 4010 591 4079 coepas
612 4018 670 4062 seu
692 4002 865 4083 crataegon
887 4000 907 4062 i.
932 4018 960 4061 e.
979 3997 1048 4062 ilex
1069 3996 1223 4083 aquifolia
1235 3994 1391 4077 (XXVII.
1413 3996 1480 4077 63).
1521 3995 1579 4077 Ap·

467 4123 576 4201 ,paret
604 4116 700 4200 igitur
727 4136 791 4179 non
818 4115 956 4198 buxum,
990 4115 1048 4202 aed
1074 4121 1260 4199 crataegum
1289 4113 1434 4178 describi.
1476 4110 1580 4177 Relin-

488 4236 594 4319 quitur
615 4253 749 4317 granum
772 4235 930 4320 crataegi,
960 4224 1049 4317 cuius
1073 4252 1190 4297 nomen
1212 4251 1230 4296 e
1253 4233 1280 4316 ἓ.
1305 4232 1355 4298 32.
1378 4226 1581 4317 repetendum

486 4351 561 4415 erit:
590 4370 721 4415 coecum
745 4351 797 4415 vel
826 4346 1043 4436 Hispanorum
1071 4354 1107 4414 ut
1133 4348 1259 4415 videtur
1279 4349 1391 4443 lingua
1413 4347 1580 4413 cusculium

483 4468 536 4558 ibi
550 4467 738 4553 appellatur.
780 4467 961 4532 Fatendum
982 4466 1111 4555 quidem
1133 4474 1193 4550 est,
1214 4446 1255 4531 ne
1277 4466 1473 4552 sicquidem
1495 4457 1580 4530 Plinii

485 4585 702 4655 narrationem
733 4605 805 4649 cum
832 4605 871 4648 eo
899 4605 994 4673 quem
1018 4586 1181 4651 auctorem
1204 4572 1346 4672 seqnitur
1367 4583 1580 4669 Theophrasto

468 4707 613 4793 'prorsus
645 4702 830 4786 conscuir03
859 4722 997 4789 namque
1017 4704 1071 4769 ille
1093 4704 1151 4772 111.
1176 4706 1224 4773 lb.
1247 4706 1281 4819 6ζ
1300 4704 1439 4790 primum
1461 4701 1502 4769 de
1518 4718 1577 4765 ara·
