3700 5625
688 744 780 808 rore
799 716 957 808 'nrrnr
1318 730 1379 804 tot

274 941 376 1020 inerit,
398 939 602 1026 explicuisse,
624 961 699 1004 nem
715 960 825 1005 vocem
845 945 1010 1004 candorem
1032 957 1104 1002 oum
1127 940 1224 1028 verbo
1247 949 1376 1002 teneres·

273 1069 352 1124 cere*
361 1057 512 1142 coniungi
544 1057 638 1122 simili
668 1059 739 1122 loco
762 1058 789 1141 5.
814 1057 874 1124 184
895 1056 1147 1136 demonstretur,
1176 1055 1231 1119 ubi
1253 1054 1376 1120 Plinius

274 1166 433 1274 rancorem
455 1181 574 1255 rurique
599 1181 802 1258 coactionem
832 1173 984 1240 laudarit.
1027 1172 1150 1258 Nempe
1174 1172 1295 1237 nullum
1317 1178 1377 1254 est,

273 1315 376 1380 neque
398 1294 493 1358 toties
524 1293 557 1360 in
580 1265 637 1358 die'
653 1293 780 1360 mulctis
810 1292 909 1357 asinis
944 1292 994 1355 leo
1017 1289 1104 1355 eliud
1140 1310 1235 1377 quem
1264 1309 1377 1356 recens

272 1412 370 1478 inisse
396 1410 573 1497 putendum
594 1419 660 1500 lest.
703 1409 748 1474 Ar
769 1428 937 1476 numerum
968 1408 1121 1474 custodiri
1143 1427 1221 1472 sene
1243 1427 1377 1473 consen-

273 1538 401 1596 teneum
424 1535 483 1594 est
511 1527 620 1615 Turpe
642 1529 752 1594 vitium
775 1529 868 1594 tertio
890 1525 1130 1613 protarchetypi
1151 1524 1257 1591 versui
1279 1545 1378 1612 prere

271 1647 461 1733 repetitione
492 1645 648 1712 adhaesit.
691 1649 726 1712 ln
754 1667 817 1733 qno
844 1665 941 1733 quum
970 1643 1086 1730 singuli
1115 1663 1227 1710 versus
1260 1643 1306 1710 ita
1327 1663 1377 1707 es·

274 1774 344 1830 sent
365 1764 460 1830 divisi

323 1893 535 1960 rnunnnscnnn
549 1920 689 1960 emmone
704 1918 874 1962 omsnonrro

323 2008 421 2049 monn
437 2007 558 2048 semum
573 2004 689 2048 nvrnnr
703 2006 834 2060 norrun,
848 2004 904 2046 nsr

323 2096 470 2146 ovssonrr
484 2095 607 2159 corinun
620 2093 852 2136 snrrmonurms

271 2217 391 2282 fectum
414 2224 467 2292 est
486 2223 523 2281 ut
544 2236 561 2279 e
583 2216 684 2298 primo
712 2233 806 2278 versu
827 2213 941 2278 ultima
966 2232 1029 2278 vox
1058 2212 1141 2278 mele
1169 2221 1377 2301 repeteretur.

272 2340 491 2414 Septirrqentirs
531 2333 644 2419 scripsi
687 2351 728 2396 ex
772 2331 963 2418 archetypo,
1007 2339 1192 2412 qrrinycnties
1235 2333 1378 2397 aPlinio

273 2453 426 2540 scriptum
449 2459 512 2533 est,
535 2451 574 2517 cf.
596 2450 654 2517 XI,
676 2450 754 2531 238,
777 2449 839 2514 Dio
863 2448 898 2515 0.
920 2449 1024 2514 LXII.
1046 2451 1097 2518 28.
1141 2452 1289 2538 Denique
1312 2471 1377 2515 non

267 2577 371 2645 serere
391 2570 450 2635 eed
479 2573 580 2644 severi
608 2567 780 2654 legendum
813 2588 886 2632 esse
920 2575 954 2632 et
974 2588 1026 2632 res
1063 2568 1135 2654 ipse
1164 2576 1197 2634 et
1217 2568 1378 2633 luvenalis
1447 2563 1448 2568 ’

272 2708 385 2764 nereus
406 2687 463 2753 VI.
477 2688 540 2755 468
562 2694 611 2752 illo
633 2695 711 2752 lactc
730 2689 850 2762 fieretur
873 2683 1082 2752 demonstret.

645 2823 972 2931 '‘rese-nrum.
1093 2926 1096 2931 ,
1402 2858 1463 2931 cor

318 2985 420 3080 Fimp
447 2986 590 3063 taurino
619 2984 733 3063 malas
760 2985 961 3083 rubescere
990 2986 1101 3077 aiunt,
1128 3009 1203 3064 non
1230 2993 1268 3060 ut
1296 3006 1377 3061 oro-

319 3111 503 3221 corlilpsm
537 3090 627 3195 illini
656 3117 803 3208 melius,
844 3118 912 3194 sed
939 3118 1054 3195 foveri
1089 3119 1224 3219 fulgida
1248 3162 1292 3172 -
1322 3096 1378 3191 iu-

319 3232 436 3327 benc
469 3250 598 3328 Testes
614 3260 662 3328 ‘et
700 3275 795 3350 quae
829 3248 1045 3331 decolorem
1080 3250 1219 3337 iaciunt
1256 3256 1377 3326 cutem

318 3384 441 3460 fimum
469 3384 573 3461 vituli
600 3407 683 3461 cunr
709 3382 795 3462 oleo
833 3389 870 3461 et
896 3386 1030 3461 cummi
1055 3408 1164 3461 manu
1184 3383 1377 3460 subactum
1456 3480 1459 3485 Ι

318 3518 504 3593 emendat.
1122 3607 1126 3614 ¹

350 3649 488 3715 Duobus
509 3651 593 3714 vitiis
624 3649 749 3714 laboret
770 3650 874 3729 locus,
905 3670 1039 3736 quorum
1062 3650 1196 3714 alterum
1222 3649 1288 3713 leni
1309 3665 1375 3711 me·
1553 3659 1556 3668 “

274 3765 374 3832 dicine
401 3767 568 3831 sanabitur
597 3767 693 3831 hace:
724 3773 900 3831 mellescit:
920 3773 1040 3842 foveri..
1064 3768 1219 3832 Alterum
1248 3765 1376 3851 gravius

273 3890 334 3965 eet3
356 3905 440 3971 quoe
464 3886 547 3950 enim
570 3892 675 3949 testae
697 3858 932 3950 emendentur?
954 3884 1056 3960 Quesi
1070 3905 1145 3949 vero
1155 3890 1261 3975 testae
1282 3883 1376 3947 faciei
1483 3894 1484 3897 ’

273 4006 325 4065 ent
344 4003 427 4067 cutis
450 4003 580 4068 morbus
605 4003 729 4067 essent!
772 4002 901 4068 Scilicet
920 4023 988 4066 une
1014 4001 1138 4088 syllaba
1157 4000 1373 4083 intercideret,

275 4137 333 4200 qne
353 4121 504 4206 supplete
516 4120 643 4206 legetur
656 4127 798 4205 oportet:
821 4125 1032 4185 cicatrices
1053 4140 1136 4199 quoe
1151 4120 1208 4185 rel.
1453 4092 1456 4099 ι

689 4296 947 4411 ero=1o,cs.
1395 4369 1456 4438 626

318 4449 501 4550 podagris
550 4453 719 4528 medetur
760 4454 907 4530 ursinus
960 4453 1067 4555 adips
1119 4444 1392 4552 taurinumque

320 4585 447 4661 sebum
487 4584 564 4683 pari
598 4584 767 4683 pondere
803 4593 840 4661 et
879 4610 1004 4680 ceree3
1043 4587 1184 4663 addunt
1224 4585 1374 4685 quidam

319 4714 617 4818 hypocisthidem
642 4727 680 4795 et
701 4716 854 4820 gallam.
880 4718 955 4796 Alii
969 4720 1149 4798 hircinum
1164 4721 1374 4821 praeferunt
