3700 5625
487 569 548 636 176
925 570 1025 642 tuter
1046 567 1160 644 xm.

484 783 490 796 ·
530 785 533 794 ·
572 757 693 824 Varias
721 759 903 826 lectionum
930 758 1176 848 discrepantius
1207 784 1295 850 quae
1322 761 1411 850 apud
1439 762 1599 849 Silligium

488 877 662 964 diligenter
685 889 900 945 enumeratae
926 881 1158 964 reperiuntur,
1188 882 1313 952 omitto.
1362 883 1449 948 Nam
1472 884 1507 948 in
1529 883 1600 948 uni·

486 1020 619 1064 versum
641 1009 734 1064 recte
754 1019 775 1062 a
796 997 836 1064 V.
851 998 888 1066 D.
910 999 1023 1067 locum
1046 1002 1261 1069 coustitutum
1288 1022 1366 1066 esse
1397 1023 1441 1065 eo
1466 1022 1601 1087 quoque

486 1117 735 1204 comprobatur,
760 1117 847 1202 quod
874 1117 974 1181 etiam
1001 1118 1034 1184 in
1059 1117 1204 1183 Barbari·
1221 1128 1254 1182 et
1276 1118 1405 1185 Gelenii
1427 1120 1601 1184 codicibus

487 1255 528 1300 ea
549 1232 670 1299 lacuna
690 1256 756 1298 nun
778 1231 884 1298 luisse
905 1234 1055 1318 putanda
1076 1246 1128 1300 est
1146 1255 1210 1320 qua
1220 1225 1376 1323 'plerique
1393 1259 1512 1302 eorum
1535 1238 1602 1323 qui-

485 1353 548 1418 bus
573 1352 721 1438 Silligius
743 1352 863 1430 utitur,
896 1353 1001 1416 verba
1028 1350 1125 1416 libros
1150 1351 1321 1416 duodecim
1343 1350 1446 1440 fuisse
1476 1355 1601 1420 omise-

484 1479 572 1542 runt.
632 1473 819 1539 Genitivum
849 1492 932 1538 vero
967 1492 1084 1538 casum
1116 1470 1337 1552 decretorum,
1365 1473 1410 1536 itu
1442 1485 1479 1537 ιιι
1512 1493 1602 1537 uurrc

484 1595 591 1661 verba
614 1593 709 1658 Plinii
730 1593 897 1679 leguntur,
914 1592 1080 1679 ¹euplicari
1102 1614 1168 1658 non
1190 1614 1294 1677 posse
1315 1575 1470 1678 apparet.
1508 1595 1600 1668 Qua·

484 1723 624 1798 propter
649 1731 748 1796 quum
779 1711 813 1776 in
837 1711 914 1776 cod.
939 1710 972 1775 R
994 1731 1154 1776 numerus
1175 1721 1306 1777 uanmm
1332 1711 1425 1776 Xllll
1451 1713 1602 1798 scriptus

485 1840 611 1910 exstet,
633 1829 787 1896 Tuduani
806 1829 926 1897 librum
952 1851 974 1896 a
997 1829 1102 1897 Plinio
1123 1853 1190 1897 non
1216 1831 1324 1898 fuisse
1345 1823 1530 1898 indicatum
1557 1835 1601 1899 le-

484 1952 698 2039 gendumque
714 1971 792 2018 esse
805 1951 950 2018 condicio
971 1951 1229 2050 quatuordecim.
1267 1951 1499 2018 Differentiam
1513 1956 1602 2018 enim

484 2092 583 2158 quam
599 2071 682 2138 'Piso
703 2071 790 2136 inter
803 2069 915 2138 libros
936 2071 1126 2158 pontificios
1148 2084 1182 2138 et
1204 2072 1453 2158 Pythagoricos
1473 2074 1602 2152 statuit,

483 2189 668 2256 Tuditanus
685 2210 753 2254 aon
773 2189 906 2254 videtur
922 2191 1119 2275 agnovisse.
1163 2189 1319 2258 Ceterum
1340 2213 1378 2257 re
1390 2189 1602 2256 veraXXlV

483 2309 567 2375 libro
596 2328 617 2373 a
644 2307 781 2373 Valerio
812 2305 949 2372 Antiate
977 2306 1172 2373 numeratos
1201 2327 1281 2374 esse
1307 2307 1479 2374 Plutarchi
1506 2309 1602 2374 testi·

483 2429 592 2496 monio
620 2429 718 2494 Num.
735 2427 791 2520 22.
822 2428 1070 2512 comprobatur.
1123 2428 1238 2515 ltaque
1265 2427 1380 2493 Livius
1409 2447 1475 2491 non
1509 2425 1602 2491 huuc

486 2559 658 2614 auctorem
679 2560 818 2614 secutus
839 2549 871 2612 in
894 2549 1088 2614 universum
1108 2545 1186 2613 XIV
1210 2567 1408 2614 numerasse
1429 2547 1602 2631 putandus

487 2679 550 2750 est,
572 2664 850 2765 quemadmodum
873 2662 1114 2732 Lachmannus
1134 2665 1188 2732 De
1209 2665 1324 2734 lonttu.
1338 2666 1422 2732 Livii
1433 2664 1475 2728 V.
1498 2688 1530 2749 p.
1543 2663 1600 2732 58.

485 2787 609 2851 statuit.
633 2784 789 2851 Pisonem
802 2783 959 2863 dicerem,
971 2783 1036 2849 nisi
1048 2783 1077 2849 is
1093 2804 1224 2870 quoque
1236 2783 1481 2871 Pythagoricos
1491 2782 1601 2848 libros

484 2904 591 2969 fuisse
604 2902 800 2981 addidisset,
821 2901 1036 2989 quodLivius
1057 2902 1147 2986 apud
1170 2901 1289 2982 solum,
1311 2914 1346 2969 ut
1365 2902 1508 2982 videtur,
1531 2903 1601 2968 An·

485 3024 597 3089 liutem
619 3022 758 3107 legerat.

532 3143 631 3218 idem
660 3149 722 3235 (ait
743 3170 847 3235 porro
871 3147 1016 3233 Plinius)
1044 3137 1154 3213 tertio
1176 3137 1292 3238 ponit,
1320 3164 1406 3238 quo
1430 3138 1599 3213 comburi

538 3304 604 3354 eos
631 3277 825 3378 placuerit.
843 3312 846 3319 ·
1431 3370 1435 3376 ι

567 3413 659 3479 Satis
681 3412 793 3477 mirari
814 3431 959 3498 nequeo,
980 3410 1102 3476 nemini
1123 3407 1233 3473 adhuc
1254 3428 1372 3474 vocem
1395 3429 1459 3503 quo
1481 3406 1601 3493 displi-

483 3534 609 3611 cuisse,
639 3550 726 3619 quae
749 3551 908 3618 quorsum
931 3530 1110 3596 reserenda
1135 3530 1194 3608 sit,
1227 3550 1271 3594 ne
1299 3528 1438 3614 cogitari
1463 3529 1600 3616 quidem

482 3658 604 3737 potest.
653 3648 756 3734 Atqui
787 3646 909 3732 aliquid
940 3646 1064 3713 deesse
1087 3648 1255 3732 scriptura
1290 3648 1400 3711 terrim
1430 3648 1601 3715 indicatur

482 3787 567 3856 quae
589 3768 622 3831 in
645 3767 741 3832 codd.
764 3786 786 3831 a
808 3765 828 3829 d
851 3764 1029 3849 reperitur,
1049 3784 1159 3849 neque
1179 3785 1265 3849 opus
1287 3779 1342 3829 est
1362 3759 1499 3850 utquid
1519 3788 1602 3853 sup-

481 3887 639 3975 plendum
659 3885 828 3977 videatur,
858 3883 912 3947 diu
934 3900 1163 3969 quaeramus,
1195 3903 1296 3968 quum
1318 3882 1393 3952 cod.
1414 3880 1448 3950 R
1469 3885 1599 3951 diserte

482 4008 612 4075 scribat
634 4006 727 4071 tertio
749 4014 783 4069 et
801 4024 861 4069 aa.
871 4003 964 4090 pouit
984 4005 1045 4069 ie.
1066 4001 1189 4081 „tertio
1201 4012 1236 4068 et
1245 4003 1391 4071 Senatus
1406 4006 1597 4073 consultum

481 4130 621 4212 punitt‘,
643 4126 733 4211 quod
757 4144 778 4191 e
799 4122 935 4189 Valerio
950 4122 1066 4188 Livius
1089 4122 1334 4207 transscripsit.
1378 4123 1599 4193 Manifestum

483 4255 535 4313 est
564 4245 678 4330 igitur,
706 4241 824 4309 librum
852 4239 1038 4307 secundum
1062 4237 1192 4303 Valerii
1218 4238 1252 4303 in
1276 4239 1407 4305 Numae
1433 4253 1542 4308 morte
1564 4253 1599 4308 et

482 4359 655 4446 sepultura
676 4359 830 4437 desiisse,
851 4358 940 4422 tertii
958 4356 1083 4421 initium
1103 4375 1125 4420 a
1146 4355 1284 4421 mirabili
1307 4355 1464 4423 librorum
1486 4361 1596 4446 perdi·

482 4494 591 4546 torum
612 4480 803 4545 inventione
822 4474 947 4542 sactum
968 4496 1059 4541 esse.
1105 4476 1173 4540 lam
1196 4496 1276 4542 vero
1300 4498 1343 4541 eu
1365 4480 1489 4561 verba,
1511 4500 1598 4567 quae

484 4600 608 4669 Plinius
629 4598 761 4664 videtur
783 4596 980 4683 scripsisse:
1463 4594 1466 4600 '
