3700 5625
671 601 788 672 ,ene
805 604 882 670 JV„
1295 604 1339 671 lt

237 811 321 879 quum
332 790 461 857 Strubo
470 787 695 876 vulpi-31..
710 789 820 864 Quum
841 790 928 861 eninr
949 789 1006 857 hio
1027 790 1236 860 eddmxom
1256 811 1338 876 pro-

236 911 422 976 montorium
444 930 556 997 usque
574 909 703 975 Elidem
725 909 896 994 pertinere
917 908 1047 987 toedet,
1073 907 1202 975 Plinius
1220 908 1342 977 Pom

237 1027 458 1095 etchelonnte
474 1031 518 1095 ab
529 1026 660 1125 Arbeia
672 1027 862 1115 distinguis
879 1030 977 1105 Quae
986 1028 1121 1115 qrridem
1129 1027 1248 1097 linium
1264 1049 1337 1099 mn.-

236 1150 301 1214 totio
321 1148 461 1237 qnendo
486 1148 645 1229 seclusit,
664 1147 794 1226 nescio,
816 1146 949 1213 durum
969 1158 1061 1215 certe
1082 1168 1155 1215 non·
1170 1146 1346 1217 almanno-

235 1268 407 1332 toniuorum
432 1276 594 1348 aetutem
614 1285 693 1335 num
705 1268 893 1337 Poosuuius
904 1278 939 1335 et
950 1266 1160 1335 Ptolemaeus
1181 1268 1347 1357 uuthpos.

236 1385 323 1452 Elidis
342 1384 433 1451 fines
456 1406 524 1454 suo
543 1408 676 1474 quoque
695 1396 808 1456 emate
820 1387 972 1454 voluisse
984 1386 1336 1455 demonstrent-idem

236 1505 269 1570 de
286 1504 452 1590 Argolide
475 1506 655 1572 dicendum
675 1517 745 1593 est,
762 1527 785 1572 u
805 1526 873 1595 que
895 1504 1022 1572 Plinius
1043 1524 1129 1573 uuus
1152 1503 1336 1573 thuntem

236 1626 400 1708 separavit.
445 1624 570 1713 Neque
594 1635 704 1692 temen
726 1636 795 1691 tom
820 1610 1063 1709 imprudentem
1072 1644 1122 1695 „se
1148 1622 1270 1710 gessit,
1300 1634 1343 1691 ut

238 1764 334 1829 ugrum
359 1743 551 1810 Phliasium
576 1765 683 1832 prope
709 1745 857 1828 Peneum
886 1744 986 1809 sitnm
1015 1762 1101 1809 esse.
1130 1744 1335 1828 perhiberet.

239 1862 358 1929 Videtur
384 1864 526 1950 quidem
551 1865 598 1929 itu
624 1863 731 1951 loqui,
756 1864 820 1929 sed
848 1879 971 1929 revere
996 1882 1079 1929 non.
1095 1861 1169 1947 ipse
1189 1861 1336 1949 loquitor
1370 1900 1373 1912 ·

239 1992 337 2047 unctor
359 1984 586 2068 perturbatus
610 1982 776 2048 interdum
802 2002 914 2049 rerum
937 2000 1025 2068 quse
1046 1981 1219 2061 trudebat,
1248 1976 1335 2049 mule

241 2111 265 2165 et
278 2103 380 2188 copie,
402 2121 587 2188 numquam
608 2122 694 2167 vero
716 2100 882 2167 indoctus.
926 2100 993 2174 Qui
1012 2100 1166 2187 qurum
1188 2099 1336 2169 Graecis

239 2219 448 2288 describendo
478 2240 521 2284 eu
547 2218 621 2286 iere
649 2220 779 2287 ratione
807 2228 960 2285 uteretur
995 2230 1033 2285 ut
1064 2219 1207 2305 primum
1240 2240 1337 2288 orent

240 2338 414 2405 maritimum
435 2339 586 2425 legeret,
614 2340 736 2405 deinde
763 2338 891 2424 oppidu
911 2340 1002 2411 intus
1024 2340 1090 2406 site
1111 2351 1336 2421 enumeraret,

241 2473 299 2521 eum
323 2460 480 2527 ordinem
502 2459 558 2545 qui
583 2460 617 2524 in
646 2459 800 2525 omnibus
824 2457 999 2523 codicibus
1026 2457 1212 2544 reperitur,
1239 2462 1337 2548 sequi

241 2576 436 2644 nullomodo
456 2576 573 2663 potuit
602 2576 690 2643 Num
712 2580 798 2644 enim
812 2576 1021 2645 Panhormus
1043 2589 1163 2665 portus
1181 2580 1272 2647 inbre
1291 2582 1345 2647 sir

243 2704 282 2761 tos
297 2695 374 2763 lnit‘l
418 2699 526 2779 lmmo
547 2717 655 2782 prope
676 2696 833 2763 Eriueum
851 2696 906 2763 cui
927 2697 960 2764 in
980 2697 1056 2783 ipse
1078 2718 1138 2766 ore
1161 2710 1234 2785 erut
1254 2702 1334 2767 nici-

241 2834 297 2900 nm,
313 2820 410 2918 etiem
422 2817 518 2903 apud
528 2827 679 2883 nostrum
691 2817 889 2903 scriptorem
903 2827 956 2883 est
968 2815 1195 2890 collocandos.
1218 2820 1335 2888 Missis

243 2933 319 3017 igitur
333 2938 450 3005 verbis
474 2937 566 3000 intno
587 2933 890 3022 Cleonnqllysine
910 2936 1051 3025 pulchre
1071 2939 1117 3004 ito
1140 2940 1334 3012 describun-

244 3055 435 3123 torAehnioe
447 3056 568 3136 litorm
583 3067 620 3122 ut
635 3056 679 3127 ab
699 3056 829 3122 oriente
847 3077 1010 3124 oceasum
1030 3077 1153 3124 versus
1169 3063 1334 3144 procedu-

245 3180 290 3238 tnr.
315 3175 417 3263 Atqui
435 3196 507 3241 non
530 3174 693 3242 eliciendo
714 3185 793 3244 sunt
813 3196 899 3262 quoe
914 3177 1015 3242 modo
1037 3178 1335 3258 indicavimusyo·

245 3293 350 3376 obolo,
370 3316 495 3364 verum
509 3295 575 3361 ulio
588 3292 837 3361 transferendo.
862 3296 947 3361 Num
962 3297 1049 3361 inter
1057 3295 1202 3362 Eliorum
1217 3315 1334 3385 agrum

245 3421 269 3475 et
285 3412 498 3482 Chelonatem
518 3415 780 3500 promontorium
802 3413 888 3480 mele
902 3414 1087 3482 Phliuntem
1107 3415 1247 3484 interiici
1268 3418 1334 3486 iem

245 3547 328 3615 snpra
351 3533 624 3622 significavimus.
675 3533 796 3620 Neque
821 3533 997 3602 castellum
1013 3534 1138 3604 Phlius
1163 3535 1251 3619 fone
1271 3541 1334 3608 sed

246 3650 308 3716 orbs
326 3654 423 3720 etium
448 3663 516 3719 tum
537 3652 769 3732 celeberrime,
820 3653 951 3735 Quodsi
972 3656 1139 3727 veretrie
1157 3655 1214 3722 illu
1230 3675 1334 3724 voce-

247 3765 305 3836 bola
323 3771 387 3840 huc
397 3771 595 3851 inserueris,
617 3773 790 3840 sanabitur
802 3772 901 3840 loeus
924 3773 1047 3860 alioqui
1069 3773 1333 3847 molestissimus.

248 3880 346 3956 Verbis
369 3890 464 3955 nnde
487 3888 645 3977 Cyllenen
670 3893 708 3958 V
716 3894 798 3982 dlp.
825 3894 937 3960 finitur
959 3913 1042 3960 orae
1066 3891 1249 3960 maritimae
1274 3896 1334 3960 de·

248 4005 378 4091 sompno:
399 4009 564 4096 reliquum
578 4021 651 4077 erut
667 4025 704 4078 ut
724 4013 851 4099 oppido
870 4013 960 4079 intus
971 4015 1036 4078 sita
1047 4021 1333 4093 enumerarentur,

249 4117 369 4195 Cleonas
391 4131 487 4214 dieo,
507 4128 646 4216 Hymos,
666 4129 861 4198 Phliuntem.
905 4131 979 4197 Nisi
997 4151 1079 4197 vero
1100 4130 1166 4198 leni
1184 4133 1333 4200 remedio

249 4246 484 4314 modom-esse
503 4249 692 4330 videretur,
722 4249 871 4317 Cleonas
892 4252 1004 4336 potios
1026 4251 1201 4319 castellum
1223 4253 1333 4324 strab.

250 4353 561 4446 wineramus
578 4366 917 4454 appellandumesse
938 4371 1188 4453 contenderem,
1209 4371 1333 4460 Hysius

251 4489 323 4558 vero,
339 4482 447 4551 locutu
469 4486 641 4553 desertum
663 4498 698 4552 et
720 4487 825 4554 ruinis
852 4487 1041 4575 squalidum
1066 4489 1126 4574 (ef.
1139 4490 1334 4556 Pansamll.

251 4587 599 4682 hlucdowicus
619 4605 858 4692 designandus,
879 4627 946 4695 quo
966 4605 1040 4674 iere
1061 4608 1258 4695 oppidorum
1281 4629 1334 4676 rn-
