3700 5625
592 546 597 555 ’
690 587 895 655 maen.
1320 590 1365 659 aa

258 779 353 867 ipsius
376 775 475 843 Plinii
497 792 578 843 asse
599 773 755 844 arbitror.
802 775 915 851 Quum
936 774 1024 841 enim
1047 773 1209 843 tliuunum
1237 776 1363 863 flumen

259 896 477 963 multominus
496 905 610 960 notum
632 892 732 980 quam
740 892 887 967 Qrurn
897 894 1072 961 nominare
1092 894 1178 961 satis
1194 894 1364 975 habuerit,

259 1017 358 1083 Silero
378 1013 593 1079 lluviointer
612 1011 717 1077 ltalos
736 1009 960 1079 celeberrimo
979 1012 1038 1079 vix·
1063 1012 1362 1100 videtur'ineptan

260 1135 332 1200 ritus
350 1133 612 1219 descriptionem
634 1130 819 1211 addidisse,
839 1150 939 1216 quum
959 1151 982 1198 a
1005 1132 1168 1197 Surrento
1188 1133 1275 1201 urbe.
1293 1149 1363 1199 ma·

260 1274 315 1341 gno
334 1251 514 1319 intervallo
537 1251 666 1318 Silarus
685 1250 796 1315 distet.
835 1248 974 1315 Ferrem
996 1250 1026 1315 si
1044 1246 1302 1317 ultraSaler-uor
1314 1252 1363 1317 le.

260 1385 392 1459 geretur,
414 1369 510 1434 ultro
536 1368 738 1435 Surrentum
757 1367 1036 1434 ferendumesse
1056 1388 1157 1453 nego,
1178 1370 1269 1456 quod
1289 1379 1360 1439 toto

259 1490 496 1555 Picentinorum
517 1509 599 1574 agro
622 1509 644 1553 a
666 1487 776 1555 Silero
800 1486 1073 1567 discernebatur,
1097 1485 1140 1553 cf.
1158 1488 1210 1555 lll.
1224 1490 1276 1557 70.

330 1645 359 1728 §.
379 1640 455 1708 231.
486 1639 723 1726 nonsintelligo
745 1661 806 1705 eur
828 1652 862 1705 et
882 1638 1031 1725 Silligius
1063 1649 1097 1704 et
1117 1641 1216 1708 lanus
1243 1641 1361 1709 facilli-

260 1782 332 1826 mam
364 1762 636 1827 emendationem
665 1759 842 1859 ¹Welelseri
876 1759 921 1823 ad
952 1755 1109 1828 Philostr.
1138 1782 1171 1845 p.
1189 1757 1263 1825 356.
1291 1759 1361 1827 dier

259 1879 457 1947 Θεοδαίσια
479 1879 681 1964 spreverint,
702 1899 779 1944 eum
793 1888 828 1942 et
848 1876 945 1943 codd.
959 1876 1105 1943 anates
1126 1876 1307 1944 exhibeant
1326 1888 1360 1945 et

260 1996 408 2063 mudena
426 1998 522 2083 apud
544 1996 728 2063 Robertnm
748 1996 892 2082 legatur.

569 2183 1043 2279 237et238=106,110.
1294 2193 1300 2204 ·
1376 2196 1420 2263 u
1472 2226 1474 2231 .

298 2341 458 2442 Campus
484 2339 714 2439 Babyloniae
737 2338 869 2437 flagrat
894 2334 1052 2435 quadam
1079 2334 1198 2413 veluti
1217 2337 1360 2437 piscina

299 2476 413 2578 iugeri
441 2475 712 2576 magnitudine,
748 2471 975 2571 Aethiopum
999 2472 1103 2551 iuxta
1127 2473 1359 2574 Hesperium

300 2625 460 2690 montem
486 2614 674 2687 stellarum
702 2611 812 2686 modo
836 2608 957 2708 campi
973 2622 1105 2706 noctu;
1131 2611 1300 2691 similiter
1320 2614 1359 2691 in

301 2749 691 2853 Megalopolitanorum
718 2772 819 2848 agro,
845 2746 1030 2823 tametsi
1056 2746 1274 2830 internus
1297 2750 1359 2828 sit

301 2886 393 2982 ille,
414 2886 602 2972 iucundus
614 2885 857 2984 frondemque
877 2881 984 2958 densi
1002 2909 1115 2985 supra
1134 2910 1176 2961 se
1192 2887 1363 2966 nemoris·

302 3047 368 3100 uon
375 3026 552 3100 adurens.
560 3021 618 3097 Et
629 3022 734 3098 iuxta
744 3019 1051 3120 gelidumloutem
1064 3045 1213 3122 semper
1222 3005 1359 3102 ardens

303 3158 508 3260 Nymphaei
534 3168 655 3233 crater
672 3157 763 3233 ‘dira
786 3153 1030 3256 Apolloniatis
1056 3133 1134 3232 suis
1156 3161 1357 3257 portendit,

304 3305 339 3370 ut
359 3273 629 3397 Theopompus
648 3291 819 3386 tradidit3
846 3299 1002 3390 augetur
1027 3291 1204 3369 imbribus
1224 3295 1358 3395 egerit-

303 3458 368 3531 que
398 3434 567 3510 bitumen
599 3429 879 3534 temperandum
912 3426 1014 3504 sonte
1046 3427 1109 3505 illo
1136 3430 1361 3532 ingustabili,¹

304 3567 385 3644 alias
410 3569 511 3676 omni
538 3543 715 3644 bitumine
740 3565 904 3640 dilutius.
1122 3553 1127 3562 ⁸

332 3751 411 3819 (lum
435 3755 533 3833 lano,
565 3753 661 3817 cuius
684 3747 953 3816 dissertationem
982 3769 1071 3818 nune
1091 3753 1262 3838 inspirare
1289 3777 1359 3824 non

268 3862 341 3948 lieet,
360 3865 438 3937 milri
453 3870 572 3937 videor
592 3867 797 3943 consentire,
820 3866 896 3930 dnm
911 3869 1043 3934 seribot·
1065 3872 1101 3933 iu
1115 3871 1359 3960 Mepolopolito-

269 4003 365 4051 uorum
385 4006 483 4080 apra
502 3983 618 4053 'Num
638 3985 674 4050 si
691 3984 915 4050 intermisit
935 3986 991 4052 ille
1009 3987 1173 4054 intuendus
1189 3985 1360 4074 frondem-

270 4118 319 4191 pue
331 4104 421 4169 densi
431 4127 534 4193 supra
553 4126 589 4168 se
602 4104 746 4169 mmoris
757 4126 824 4169 uon
845 4103 992 4169 adurens
1013 4114 1049 4170 et
1067 4107 1163 4171 iuxta
1185 4109 1361 4197 epelidum

271 4209 373 4298 [ouum
391 4246 518 4310 semper
538 4222 662 4287 ardens
685 4220 877 4310 Nymphaei
897 4231 1027 4304 trater,
1048 4222 1125 4288 dira
1144 4224 1362 4312 Apolloniatis

271 4338 324 4399 utu
349 4340 522 4425 portendit.
577 4341 761 4427 Postquam
790 4340 876 4406 enim
906 4340 1017 4408 locum
1046 4364 1081 4409 ro
1102 4341 1206 4423 Boinoa
1237 4346 1360 4412 dietum

273 4449 322 4532 (el.
331 4455 619 4545 Pausulnnat)
631 4441 791 4525 indieaiit
804 4454 940 4541 Plinius,
960 4459 1001 4526 de
1014 4455 1213 4546 Nymphaeo
1224 4465 1362 4534 uberius

272 4563 396 4656 loquitur
418 4578 615 4645 transitione
636 4597 702 4664 pro
726 4592 820 4643 more
838 4595 902 4642 suo
925 4596 948 4641 a
968 4598 998 4643 v.
1020 4601 1098 4644 uum
1119 4581 1230 4663 fecta,
1261 4595 1363 4672 utque

1100 4699 1105 4708 ’
1133 4698 1154 4762 3
