3700 5625
1323 588 1372 657 ,57

346 740 526 844 moronus
547 771 657 843 rma
676 774 795 862 ignom
813 784 879 859 eo,
899 771 1072 843 anomia
1088 772 1292 861 samono
1307 776 1372 864 ey-

263 895 583 960 zantionominatur.
611 894 713 970 Quae
731 914 832 981 quum
851 890 969 961 leviter
986 893 1326 979 eorroptasoriptura
1338 898 1372 965 iu

200 1074 201 1116 p
263 1015 357 1081 eodd.
377 1014 463 1079 ll'l'd
487 1012 690 1094 odonna,
709 1011 743 1079 in
764 1013 842 1080 eod.
859 1011 894 1079 A
915 1009 1059 1077 Otrouos
1078 1012 1283 1098 appelletur,
1301 1016 1374 1083 nul.

200 1121 201 1124 ¹
263 1135 328 1200 lam
345 1134 448 1202 rideo
469 1151 608 1199 eausam
629 1152 692 1198 eur
711 1152 780 1199 non
800 1132 892 1218 apud
913 1128 1051 1197 Plinium
1074 1132 1278 1201 restituatur.
1366 1146 1371 1157 ·

685 1269 734 1344 53
747 1266 951 1343 :ibidem
1390 1293 1435 1361 78

310 1408 411 1485 Ante
436 1403 679 1482 Leuoimnam
700 1406 853 1505 Sybota,
874 1402 974 1479 inter
998 1401 1228 1480 Leucadium
1251 1415 1374 1483 uatem
1404 1370 1427 1395 ’Χ

245 1538 249 1545 ’
312 1553 350 1619 et
361 1541 541 1619 Achaiam
554 1544 772 1643 permultae,
793 1566 948 1642 quarum
958 1537 1185 1616 Teleboides
1205 1543 1375 1620 eaedem-

200 1757 201 1782 }
312 1704 385 1781 que
409 1678 599 1779 Taphiae3
621 1680 665 1755 ab
691 1678 822 1755 incolis
842 1686 926 1753 ante
940 1675 1168 1752 Leucadiam
1191 1680 1375 1780 appellan-

313 1827 375 1891 tur
414 1815 600 1917 Taphias,
640 1816 781 1912 Oxiae,
811 1813 1034 1907 Prinoessa,
1072 1822 1156 1890 ante
1189 1815 1374 1893 Aetoliam

314 1950 543 2048 Echinades,
569 1960 631 2027 rel.

344 2088 397 2153 lta
419 2062 565 2175 Sdligius
592 2092 725 2175 priores
754 2087 904 2155 editores
926 2092 1064 2150 secutus
1086 2086 1192 2150 verba
1215 2084 1374 2175 distinxit,

269 2217 300 2273 ut
318 2229 361 2274 ne
388 2209 496 2273 dicam
515 2186 655 2288 nullum',
680 2200 827 2275 at'eerte
847 2206 995 2290 ineptum
1016 2222 1153 2271 sensum
1176 2193 1375 2291 praebeant.

269 2327 318 2393 Ab
338 2304 460 2394 ineolis
483 2328 570 2394 enim
594 2330 701 2393 Oxiae
725 2339 758 2394 et
780 2324 962 2391 Prinoessa
984 2324 1013 2391 si
1036 2337 1152 2390 essent
1170 2302 1375 2409 appellatae,

271 2447 340 2512 Oxii
370 2458 404 2512 et
435 2425 580 2513 Piinusii
610 2468 671 2513 eas
698 2448 907 2513 inhabitasse
943 2444 1083 2530 putandi
1120 2456 1252 2526 essent,
1290 2466 1376 2533 quos

270 2586 359 2631 nemo
383 2575 534 2630 veterum
554 2566 754 2650 scriptorum
776 2566 876 2632 novit.
923 2562 1085 2628 Novimus
1106 2574 1216 2628 autem
1240 2576 1378 2649 praeter

272 2683 491 2769 Cephallenes
511 2682 679 2751 Teleboas
693 2696 726 2750 et
737 2684 900 2771 Taphias,
923 2704 1061 2770 quorum
1077 2683 1209 2769 quidem
1224 2683 1377 2770 'Paphum

271 2802 405 2871 insulam
426 2802 608 2889 antiquitus
629 2804 745 2871 sedem
767 2803 876 2870 fuisse
900 2810 936 2868 et
958 2821 1017 2867 res
1037 2801 1113 2887 ipsa
1135 2799 1202 2869 lert
1223 2814 1257 2869 et
1273 2804 1377 2871 diser·

272 2924 309 2989 tis
332 2925 448 2990 verbis
478 2922 603 2988 Strabo
617 2923 660 2990 X.
677 2923 795 3008 poue.
820 2923 931 2989 tradit
980 2899 1242 3008 comprehendit
1267 2935 1377 2992 antem
1396 2948 1436 2996 ra.

274 3041 388 3110 Plinius
409 3040 627 3108 Teleboidum
656 3043 730 3110 sire
752 3043 958 3128 'l'apbiarum
983 3042 1116 3120 nomine
1148 3041 1274 3110 insulas
1299 3056 1377 3112 ante

275 3160 470 3228 Leucadiam
483 3171 516 3226 et
531 3161 679 3228 sortasse
688 3161 853 3229 Aetoliam
862 3161 957 3228 sitas.
976 3160 1377 3248 Scribendumestigitur:

309 3303 455 3377 quorum·
480 3280 664 3346 Teleboides
685 3281 882 3376 eaedemque
911 3277 1058 3367 Taphiae
1086 3276 1127 3342 ub
1155 3279 1269 3345 ineolis
1300 3289 1378 3346 uate

310 3398 513 3466 Leucadium
533 3400 743 3488 appellantur
767 3400 829 3466 rel.
965 3416 968 3428 ’

350 3519 496 3608 Taphiae
510 3527 548 3582 et
559 3519 670 3586 Oetae
689 3530 802 3588 autern
821 3520 949 3604 primus
960 3518 1133 3588 Barbarus
1152 3519 1300 3605 scripsit,
1322 3541 1379 3586 oo·

275 3639 358 3705 diaes
376 3639 508 3705 habeat
527 3639 574 3706 Tr
598 3640 785 3729 Taphiusa,
803 3639 922 3708 Raso
940 3636 1131 3726 Zupbioeie,
1152 3651 1179 3708 Θ
1200 3636 1379 3724 Zophiotie,

200 3795 201 3840 ;
274 3758 387 3824 deinde
407 3755 588 3822 Ameriae
607 3759 644 3824 S.
656 3757 811 3824 mato
832 3757 1110 3843 reliquipreeter
1130 3759 1234 3828 aodd..
1250 3756 1379 3828 Geleoii

200 3944 201 3977 p
275 3888 304 3942 et
321 3877 471 3943 fortasse
492 3876 647 3942 Barbari.
693 3877 740 3942 Et
768 3875 911 3965 Taphiae
938 3876 1071 3961 quidem
1096 3887 1188 3948 reete
1211 3875 1379 3956 snribitur,

274 4015 343 4060 nam
363 3999 412 4061 ita
432 4015 497 4062 sua
512 4007 622 4064 aetate
633 3996 777 4062 insulam
792 3995 956 4083 appellari
965 3995 1089 4066 Strabo
1102 3991 1379 4077 resonantiae

276 4115 474 4202 eproximis
495 4115 652 4182 duetibus
677 4113 854 4184 &earnem
886 4113 1031 4201 aliquam
1060 4111 1171 4186 effeeit
1196 4113 1379 4192 Pintianns,

275 4254 354 4320 quae
380 4253 550 4321 nusquam
577 4245 865 4302 commemoratur.
922 4233 1044 4302 Mirum
1078 4234 1242 4301 nemiuem
1270 4231 1381 4301 adhue

274 4355 393 4421 vidisse
414 4355 507 4442 qued
528 4365 651 4441 sponte
673 4352 792 4440 elueet
826 4353 856 4419 E
878 4331 1186 4444 enumeraturum,
1206 4352 1264 4421 ubi
1285 4359 1381 4428 reate
1416 4411 1421 4420 .

200 4560 201 4567 ἵ
276 4471 459 4540 datiuum
475 4471 540 4539 trie
561 4491 649 4559 quae
666 4473 783 4561 irrupt
801 4470 950 4554 senuna,
967 4481 1110 4558 apparet
1132 4471 1280 4548 aimon.
1295 4470 1382 4556 ouri,-¹
