3700 5625
423 1593 486 1666 442

508 743 569 815 100
961 757 1054 820 Liber
1073 759 1149 825 XX.

504 945 642 1032 ταύτης,
669 946 874 1013 Dioscorides
893 949 1012 1036 inquit,
1043 948 1061 1019 ὁ
1083 953 1211 1040 καρπὸς
1233 955 1432 1036 συλλέγεται,
1454 953 1527 1022 ὅταν
1544 978 1584 1022 rs-

504 1065 600 1141 tatae
621 1061 773 1155 ἁδρυνθῇ
803 1069 935 1154 θέρους,
969 1074 1025 1134 καὶ
1045 1071 1220 1157 §pershale
1241 1069 1457 1156 &neumatum
1478 1092 1586 1136 accurt-

506 1181 569 1245 tius
592 1181 759 1246 collectum
782 1182 873 1248 tundi
888 1183 1012 1250 Plinius
1034 1194 1151 1254 narrat.
1195 1188 1405 1254 Scribendum
1428 1195 1476 1254 est
1496 1190 1586 1274 igitur:

547 1337 589 1350 -
608 1305 720 1364 sanine
739 1321 870 1380 mamea
895 1307 946 1366 Ex
967 1307 1025 1368 too
1046 1310 1107 1368 tina
1126 1311 1312 1386 splendorem
1334 1311 1473 1386 trehaat;
1494 1319 1589 1372 aestate

547 1422 684 1482 tuamor
702 1424 734 1482 tn
747 1424 814 1500 pita
835 1420 892 1484 rel.
951 1435 954 1447 ·

891 1630 893 1637 ,
927 1556 1182 1646 209--19,80.

555 1687 715 1764 Tertium
740 1709 861 1786 genus
888 1696 946 1763 est
971 1687 1188 1788 tithymalon
1217 1734 1256 1746 -
1287 1714 1444 1770 mecona
1467 1699 1592 1780 vocant,

558 1822 616 1898 alii
643 1816 818 1921 paralion,
845 1864 892 1874 -
919 1817 1008 1898 lolio
1036 1819 1117 1913 lini,
1145 1820 1241 1914 albo,
1283 1826 1403 1925 capite
1431 1826 1594 1926 magnitu·

559 1954 655 2030 dinis
679 1951 797 2028 fabae.
1186 2028 1204 2064 ⁹

589 2086 680 2150 Folia
705 2085 764 2147 flos
797 2091 893 2170 caput
922 2105 942 2148 a
962 2085 1152 2152 Dioscorida
1173 2086 1229 2153 IV.
1251 2088 1312 2156 162
1344 2089 1475 2180 plenius
1494 2089 1595 2153 descri-

506 2206 639 2271 buntur:
683 2200 846 2266 eadem'a
868 2191 1227 2268 Plinio-enumerantur
1256 2206 1372 2271 omnia.
1417 2206 1502 2272 Nam
1528 2225 1597 2293 quae

478 2301 481 2311 ¹
507 2323 596 2408 ἄνθη
609 2323 710 2388 λευκά
727 2321 870 2384 Graccus
887 2327 998 2384 auctor
1011 2321 1278 2405 commemoravit,
1290 2344 1341 2395 ¹ea
1357 2324 1390 2387 in
1402 2325 1495 2392 codd.
1508 2323 1536 2388 V
1548 2321 1597 2386 'ld
1639 2373 1640 2380 ,

506 2439 662 2506 vocabulo
696 2442 772 2515 sotto
809 2437 892 2510 male
925 2439 1060 2525 repetito
1097 2440 1323 2522 obscurantur,
1366 2461 1430 2527 quo
1471 2447 1598 2508 correcto

506 2558 632 2643 legatur
654 2561 795 2642 oportet:
1214 2535 1222 2550 ’

496 2765 500 2768 ⁴
544 2679 621 2754 sotto
645 2677 707 2755 tint,
726 2674 830 2749 flore
851 2678 919 2737 otto
942 2674 998 2740 rel.
1141 2745 1149 2754 ,

590 2792 619 2878 S.
640 2790 704 2861 210
726 2810 790 2855 non
808 2797 923 2875 peplin,
946 2789 1022 2874 sed,
1052 2795 1088 2855 ut
1109 2795 1183 2856 ante
1204 2789 1408 2859 Harduinum
1435 2794 1603 2881 legebahu,

504 2917 625 2992 peplton
653 2910 777 2973 Plinius
799 2910 1028 2974 nominaverat.
1050 2909 1078 2993 S.
1101 2908 1162 2976 219
1186 2914 1388 2997 Pythoporae,
1411 2913 1441 2998 ὃ.
1456 2912 1520 2981 222
1541 2932 1601 2975 oum

506 3029 664 3095 salmasio
694 3031 866 3108 molochen,
896 3026 926 3110 S.
949 3027 1011 3095 223
1033 3026 1178 3092 fortasse'
1199 3040 1232 3091 ot
1260 3035 1382 3093 enatare
1409 3029 1603 3097 scribendum

505 3154 564 3229 est,
585 3146 742 3231 Apuleius
764 3146 865 3227 enim,
898 3146 952 3230 qui
974 3144 1070 3230 poulo
1093 3152 1167 3210 ente
1191 3152 1278 3210 recto
1298 3159 1440 3213 cerumar
1460 3146 1604 3225 habebat,

504 3264 556 3329 hic
577 3270 621 3327 ad
642 3285 687 3328 oe.
712 3262 850 3327 exhibet.
873 3262 903 3345 ς.
925 3261 987 3329 227
1008 3262 1171 3347 vulgatam
1200 3263 1369 3329 lectionem
1391 3277 1424 3331 at
1447 3304 1487 3314 -
1510 3268 1605 3329 nodat

504 3382 626 3468 probo,
659 3403 729 3446 voc.
752 3386 935 3465 corruptum
970 3388 1137 3446 curationis
1164 3400 1235 3445 cum
1271 3383 1426 3451 editione.
1439 3382 1605 3448 Parisiensi

384 3557 387 3562 .
503 3507 611 3564 vetere
634 3519 729 3583 quam
759 3498 939 3563 Gronovius
960 3498 1100 3583 inspexit
1129 3499 1161 3563 in
1184 3486 1314 3565 cabitott‘
1328 3501 1518 3566 mutandum
1541 3518 1605 3563 esse
1638 3534 1639 3543 ,

419 3788 482 3854 443

504 3636 630 3682 censeo·

660 3788 942 3876 Χ231ε21,85.
972 3786 1040 3879 (de
1067 3784 1216 3885 lapatho
1243 3783 1424 3887 loquitur)
1453 3864 1460 3873 ,

550 3924 607 3995 cst
632 3925 755 3995 autem
791 3923 828 3992 et
853 3918 1026 3994 silvestre
1063 3916 1164 4015 quod
1191 3916 1250 3991 alii
1293 3916 1442 3993 oxalida
1480 3913 1606 4018 appel-

440 4034 444 4041 ’
550 4050 636 4142 lant,
663 4072 796 4151 sapore
823 4050 1040 4150 proximum,
1067 4048 1165 4126 foliis
1189 4052 1317 4142 acutis,
1345 4049 1472 4127 colore
1499 4050 1603 4127 betae

549 4184 748 4273 candidae,
777 4184 902 4259 radice
929 4183 1092 4275 minima,
1135 4178 1263 4265 inostri
1289 4206 1378 4261 vero
1406 4183 1604 4279 rumicem,t

549 4315 609 4392 alii
635 4316 821 4416 lapathum
849 4316 1113 4407 cantherinum,
1151 4316 1196 4391 ad
1224 4322 1382 4393 strumas
1410 4361 1452 4371 -
1484 4315 1607 4392 effica-

471 4540 481 4547 ,
549 4449 744 4526 tissimum.
790 4448 865 4525 Est
891 4430 937 4526 et
954 4448 1108 4524 alterum
1141 4471 1263 4547 genus
1288 4448 1376 4539 iere,
1405 4492 1450 4505 -
1478 4446 1606 4548 oxyla-

547 4582 685 4683 pathon
712 4593 865 4673 vocant,
892 4623 940 4639 -·-
967 4582 1086 4658 sativo
1113 4581 1149 4658 id
1183 4582 1332 4681 quidem
1359 4582 1532 4671 similius,
1563 4622 1603 4637 -

546 4717 616 4793 sed
642 4716 805 4793 acutiora
830 4713 918 4793 folia
944 4738 988 4791 ac
1014 4714 1179 4793 rubriore
1204 4712 1269 4791 rel.
