3700 5625
710 618 810 685 noer
828 620 909 687 ΙΙΙ.
1329 619 1375 687 37

685 807 785 885 25:
799 807 949 888 ibidem.
1332 826 1335 833 “
1387 828 1430 893 51

252 1079 254 1083 Ι
303 962 595 1038 Castulonenses
622 958 685 1060 qui
709 958 871 1037 Caesari
895 960 1058 1037 Venales
1084 962 1328 1063 appellantur.

335 1131 441 1196 immo
464 1150 534 1197 nou
554 1139 632 1195 sunt
652 1127 708 1214 qui
729 1128 916 1197 aCaasare
938 1131 1002 1197 emi
1018 1140 1177 1217 possunt,
1204 1151 1291 1219 quac
1313 1134 1369 1201 da·

259 1251 308 1314 tiri
329 1270 436 1315 casus
458 1248 511 1313 vis
533 1258 641 1332 esset,
668 1248 731 1313 sed
751 1269 892 1347 quoram
911 1268 1035 1335 agera
1060 1248 1215 1317 Caesare
1238 1264 1369 1337 emptus

260 1378 313 1437 est.
357 1367 586 1435 Scribendam
615 1380 669 1435 est
696 1365 814 1453 igitur:
843 1362 1008 1433 Caesaris
1033 1366 1180 1455 venales,
1211 1342 1369 1457 quemad·

259 1487 382 1560 modum
409 1486 503 1551 infra
524 1485 641 1571 §.134
664 1484 870 1570 Triumpilini
891 1485 1022 1551 venalis
1046 1506 1121 1553 cum
1146 1508 1230 1575 agro
1260 1511 1369 1577 popu·

259 1604 302 1670 lus
322 1604 552 1693 appellantur.
602 1605 732 1678 Locum
752 1604 818 1669 iam
839 1604 947 1671 attulit
969 1604 1169 1675 Harduinus.

717 1792 766 1868 30
778 1792 852 1867 :3
878 1792 914 1869 4.
1341 1804 1344 1811 ’
1385 1813 1429 1881 52

300 1932 517 2010 Universae
530 1930 746 2034 Hispaniae
777 1851 1031 2031 Vespasianus
1059 1930 1261 2032 imperator
1291 1934 1368 2011 Au·

298 2080 431 2169 gustus
447 2070 625 2145 iactatus
638 2067 812 2169 procellis
821 2056 1056 2168 reipublicae
1066 2066 1214 2144 Latium
1226 2068 1366 2145 tribuit.

328 2238 396 2304 Vix
424 2238 585 2305 modeste
609 2258 651 2303 ac
678 2239 839 2305 decenter
869 2240 1106 2323 imperatorem
1132 2238 1290 2325 procellis
1317 2238 1367 2305 rei

259 2354 398 2438 publicae
421 2358 586 2423 iactatum
609 2357 758 2423 dicturas
779 2358 901 2425 suisset
922 2358 1062 2423 Plinius:
1083 2362 1136 2424 ius
1157 2360 1266 2445 ipsum
1281 2358 1366 2423 Latii

260 2476 347 2541 variis
366 2476 506 2561 imperii
527 2478 662 2543 casibus
683 2478 788 2545 rolin
801 2478 997 2563 Hispaniam
1022 2478 1166 2543 delatum
1184 2498 1262 2544 essa
1283 2496 1367 2545 vere
1410 2510 1414 2517 »

260 2605 286 2657 et
308 2596 487 2681 eleganter
517 2597 662 2662 tradidit.
715 2597 827 2683 Atque
853 2597 920 2663 hoc
945 2598 1053 2682 ipsum
1085 2597 1243 2662 exhibent
1262 2595 1366 2663 Ant.
1402 2570 1404 2575 ¹

259 2712 357 2799 ltaque
367 2714 466 2779 baud
476 2715 575 2782 dubie
586 2712 763 2800 legendum
776 2729 829 2783 est
848 2718 1027 2781 iactatum.
1051 2716 1200 2781 Eundem
1213 2716 1366 2781 codicem

261 2832 531 2900 Acertissimum
556 2837 701 2902 omnium
730 2837 849 2902 ducem
880 2837 978 2902 etiam
1006 2834 1037 2923 §
1054 2835 1107 2900 31.
1136 2837 1169 2901 in
1199 2836 1367 2922 scriptura

261 2962 344 3017 utiba
365 2966 399 3020 et
417 2954 512 3018 loro
533 2953 628 3040 sequi
651 2977 714 3039 par
736 2957 823 3021 erat‘
848 2955 970 3031 ¹Quod
992 2956 1078 3020 enim
1102 2975 1121 3020 e
1142 2953 1241 3023 codd.
1261 2953 1365 3020 R'l'd

261 3071 540 3158 recepitSilligius
561 3071 708 3157 latntes,
731 3085 838 3140 ortum
861 3085 913 3138 est
936 3094 1050 3138 errore
1065 3073 1287 3157 librariorum,
1310 3075 1365 3159 qui

261 3191 335 3255 sicut
356 3213 521 3278 agrorum
544 3191 647 3272 cultu,
670 3191 885 3276 amplitudine
911 3213 1023 3278 opum,
1045 3191 1092 3255 ita
1116 3194 1214 3256 etiam
1237 3192 1364 3258 iuribus

261 3309 507 3378 Narbonensem
523 3312 729 3395 provinciam
751 3313 896 3378 eminere
908 3311 1164 3376 arbitrabantur.
1193 3311 1239 3376 At
1259 3331 1364 3395 supra

260 3431 304 3495 vel
323 3444 446 3498 contra
468 3408 648 3517 plerosque
669 3430 775 3497 libros
793 3429 879 3496 Mss.
893 3431 1107 3496 scribendum
1129 3441 1202 3496 erat
1216 3429 1363 3518 Alpium.

261 3571 311 3642 que
328 3549 554 3617 saireberrimis
577 3551 658 3640 iupis
676 3548 819 3634 expulsa
840 3547 1060 3636 frigidissima
1082 3549 1252 3635 vaccaei,
1275 3570 1362 3638 quae

261 3687 294 3732 ex
312 3669 433 3736 ultimis
458 3670 600 3754 proximi
621 3667 776 3734 vocabuli
796 3667 915 3735 litteris
937 3669 999 3733 VE
1023 3669 1167 3755 repetita
1191 3682 1253 3735 est.
1297 3667 1362 3734 Ea·

261 3785 321 3853 dem
341 3789 570 3874 dittograpbia
592 3787 667 3855 cod.
685 3787 718 3855 A
738 3789 834 3874 ΜΟ.
861 3809 923 3874 pro
948 3797 1015 3851 tam
1036 3788 1172 3853 exhibet
1198 3797 1265 3851 tom
1284 3789 1362 3867 iam,

260 3909 334 3990 quod
348 3907 514 3993 aSilligio
536 3919 708 3993 receptum
730 3928 809 3974 esse
829 3906 928 3973 valde
948 3905 1059 3975 miror.
1088 3905 1224 3975 Scilicet
1243 3905 1362 3971 ordine
1433 3919 1436 3925 ’

260 4027 425 4094 verborum
449 4008 833 4112 perturbatoeervieem
862 4027 970 4094 solam
997 4027 1198 4116 Vespasiani
1220 4023 1360 4110 imperio

261 4139 366 4210 lostam
387 4146 553 4245 redditam
577 4167 656 4212 esse
679 4145 835 4227 efficitur,
854 4146 957 4228 facie,
980 4150 1111 4235 opinor,
1132 4147 1219 4215 tristi
1230 4145 1358 4212 relicta.

262 4260 373 4331 ibidem
394 4267 426 4353 ᾖ.
439 4265 492 4331 41.
507 4287 535 4330 ·e
557 4267 655 4332 codd.
675 4265 743 4330 Ad
773 4274 841 4330 toto
863 4288 902 4331 eo
923 4285 1068 4332 servare
1090 4267 1219 4348 malim,
1251 4265 1361 4331 deleta
1453 4289 1456 4296 ·

262 4399 324 4446 cum
344 4385 515 4472 plerisque
536 4384 631 4451 libris
656 4387 814 4470 proxima
834 4405 919 4452 voce
943 4384 1030 4467 talis,
1053 4396 1090 4451 ut
1113 4388 1154 4451 ab
1174 4385 1265 4451 Urba
1286 4395 1320 4450 et
1339 4403 1360 4448 a

261 4497 434 4587 Campania
454 4507 498 4570 ad
517 4507 711 4589 universam
727 4509 899 4592 regionam
921 4505 1089 4589 procedat
1108 4507 1232 4582 orati03
1254 4505 1286 4592 §.
1301 4523 1359 4568 au·

264 4626 316 4683 tem
330 4621 381 4686 ta.
408 4632 542 4718 pactam
561 4633 688 4711 portem
707 4647 751 4690 ex
770 4647 811 4689 en
831 4624 935 4692 scribi
957 4624 1083 4692 debera
1103 4623 1258 4703 arbitror,
1278 4643 1358 4710 quo·
