3700 5625
701 753 797 818 Liber
819 753 943 819 XVIII.
1321 755 1371 826 ‘57

284 946 467 1033 sipriorem
492 947 580 1012 illam
590 949 780 1033 scripturam
792 946 970 1031 redierunt,
993 969 1053 1014 nso
1075 956 1183 1014 tamen
1203 949 1282 1014 nihil
1301 950 1374 1015 falsi
1471 1013 1473 1019 ,

281 1065 477 1150 reliquerunt.
501 1064 543 1128 nt
558 1064 693 1150 primum
713 1063 842 1146 quidem
863 1066 926 1130 iam
949 1066 983 1129 in
1005 1086 1043 1130 eo
1064 1065 1155 1148 libro,
1177 1067 1263 1132 unde
1273 1068 1374 1132 nostri
1413 1123 1418 1130 .

282 1183 429 1269 originem
452 1181 630 1264 duxerunt,
657 1185 825 1267 peccatum
841 1203 914 1247 esse
935 1183 1077 1268 pluribus
1099 1185 1296 1270 argumentis
1319 1184 1375 1250 de·

281 1308 482 1366 monstratur:
504 1305 611 1364 oiceoo
632 1301 718 1364 enim
738 1299 851 1365 hahuit
863 1321 956 1386 quem
980 1321 1147 1365 numerum
1159 1300 1332 1366 absurdum
1343 1307 1376 1365 et

281 1418 310 1481 in
325 1424 393 1482 bino
413 1425 459 1483 vel
478 1423 541 1482 bini
559 1417 747 1482 mutandum
771 1438 844 1482 csse
866 1409 1079 1483 Schneider-us
1102 1418 1143 1482 sd
1164 1418 1256 1482 Varr.
1280 1417 1319 1482 ds
1340 1439 1375 1483 re

281 1541 350 1600 mot.
372 1535 395 1599 Ι.
416 1536 460 1602 42
481 1536 613 1600 monuit.
658 1535 760 1600 Varro
789 1533 1039 1621 sesquimodium
1067 1554 1148 1621 opus
1177 1555 1248 1600 esse
1277 1535 1375 1601 tradi·

282 1651 332 1734 dit,
352 1653 531 1718 accuratius
554 1651 732 1718 Oolnmelta
753 1651 796 1716 11.
821 1652 868 1718 10.
883 1653 935 1734 27,
957 1672 1052 1738 quem
1068 1652 1190 1717 Plinius
1212 1660 1376 1719 auctorem

282 1770 415 1856 sequitur
435 1776 562 1835 tantumn
582 1771 645 1835 seri
666 1770 769 1851 iussit,
791 1776 838 1851 ,ut
858 1770 975 1854 singuli
997 1770 1103 1856 cyathi
1126 1771 1256 1835 seminis
1271 1770 1375 1835 locum

282 1891 508 1971 occup(sr)ent
540 1886 664 1972 decem·
682 1885 799 1972 pedum
837 1886 970 1972 longum
1009 1893 1041 1951 et
1074 1887 1213 1972 quinque
1254 1888 1375 1952 latum‘

203 2008 204 2011 ’
282 2003 377 2078 Quum
401 2013 510 2070 sutem
532 2005 649 2090 singuli
669 2003 768 2068 modii
780 2003 995 2090 quadragenis
1017 2007 1141 2080 octonis
1155 2003 1278 2090 cyathis
1301 2024 1375 2070 con·

281 2129 368 2205 stent,
389 2142 455 2187 non
475 2123 605 2186 vicenos
627 2118 685 2186 sed
706 2122 799 2187 binos
821 2095 947 2187 moriios
969 2122 1105 2187 aPlinio
1126 2123 1288 2188 numerari
1302 2143 1376 2187 con·

203 2286 204 2295 t
281 2245 462 2306 sontaneum
484 2246 543 2303 est.
585 2238 713 2304 Deinde
741 2241 879 2305 activum
900 2243 1013 2303 odorat
1041 2239 1127 2327 quod
1152 2241 1186 2305 in
1214 2239 1377 2305 codicibus

281 2357 479 2442 relegitur,
503 2356 885 2445 quodqueDalecampius
907 2357 1005 2422 etiam
1017 2358 1050 2422 in
1073 2357 1142 2424 cod.
1168 2361 1198 2425 Θ
1220 2358 1377 2443 reperisse

282 2473 433 2556 putandus
458 2480 523 2557 est,
558 2479 645 2538 rscte
666 2475 707 2539 ab
728 2474 897 2541 Harduino
924 2474 1177 2561 emendatum)
1212 2476 1245 2539 in
1266 2475 1377 2544 arche-

282 2597 349 2675 typo
370 2593 523 2678 scriptum
543 2590 660 2674 fuisse,
692 2594 886 2678 interpolata
905 2612 986 2660 vocs
1007 2599 1087 2658 duro
1115 2611 1210 2678 quam
1231 2594 1261 2658 Τ
1281 2592 1302 2656 d
1323 2613 1378 2658 ex·

282 2706 401 2789 hibent,
444 2708 589 2776 officitur.
632 2709 780 2796 Denique
801 2711 923 2797 aliquot
951 2708 1074 2780 htteras
1102 2711 1185 2775 inter
1211 2691 1378 2774 numerum

284 2832 311 2889 ct
330 2826 518 2911 gerundium
546 2829 670 2895 medies
703 2828 866 2893 exstitisse
895 2840 979 2914 quae
1016 2848 1113 2893 sensu
1142 2832 1303 2909 carerem,
1347 2835 1379 2893 et

283 2943 538 3031 interpolatorum
560 2953 593 3010 et
613 2946 807 3031 reliquorum
841 2949 971 3032 praeter
992 2946 1023 3010 D
1048 2946 1201 3011 librorum
1222 2945 1378 3023 varietate

283 3060 439 3127 indicatur.
482 3064 528 3128 D¹
550 3064 636 3128 enim
663 3063 762 3128 habet
781 3068 927 3127 coendum
948 3062 1063 3127 litteris
1093 3081 1176 3147 quae
1199 3080 1263 3125 non
1284 3061 1377 3126 intel-

255 3172 453 3264 'iigsbantnr
473 3179 617 3263 omissis,
650 3179 697 3243 Ι)2
719 3186 806 3245 recte
836 3186 1010 3245 cavendum.
1053 3176 1146 3242 Haec
1172 3178 1270 3263 igitur
1293 3185 1378 3259 sunt,

285 3298 398 3379 partim
428 3298 495 3362 iam
522 3304 682 3378 correcta,
709 3298 841 3382 'partim
883 3270 1074 3382 corrigenda
1115 3292 1264 3359 codicum
1284 3294 1377 3360 MSS.

285 3422 429 3479 monstra:
473 3419 581 3477 vicena
612 3417 819 3479 iomooendom
840 3434 876 3495 a,
910 3420 1014 3479 uicem
1043 3418 1074 3476 io
1105 3417 1280 3477 movendum
1306 3412 1377 3478 cod.

285 3527 414 3595 Tumebi
435 3530 491 3615 qui
511 3530 620 3595 nescio
642 3552 719 3595 num
740 3530 781 3596 ab
797 3529 975 3595 adiversus
987 3530 1094 3613 fuerit,
1115 3537 1214 3595 uicino
1227 3534 1378 3594 uindemio

285 3651 353 3709 coro
373 3646 471 3712 codd..
487 3649 515 3712 Τ
532 3647 552 3712 d
572 3646 668 3713 foede
683 3646 874 3732 interpolati.
897 3646 1065 3732 inquibus
1088 3651 1231 3711 coendum
1246 3645 1330 3734 quod
1343 3648 1377 3709 in

285 3763 344 3827 cod.
364 3764 394 3827 D
416 3771 539 3848 exstat,
570 3765 638 3830 fere
659 3765 818 3850 integrum
844 3765 1041 3851 reperimus3
1071 3783 1154 3849 quae
1175 3762 1375 3849 praecedunt
1408 3748 1428 3759 ”

285 3884 378 3944 oiceoo
398 3888 458 3945 inm
481 3887 551 3945 orta
572 3889 647 3945 sunt
668 3901 686 3945 c
707 3880 824 3947 mendo
847 3882 967 3946 codicis
989 3881 1155 3967 archetypi
1187 3889 1219 3945 et
1239 3880 1376 3966 primum

286 3997 510 4084 transponendo
539 3998 755 4084 corriguntur3
792 4019 866 4063 nam
898 4004 971 4064 vino
998 4000 1018 4064 i.
1041 4019 1068 4065 e.
1091 4004 1162 4062 oona
1198 3996 1327 4083 syllaba·
1343 4018 1377 4061 ce
1431 3994 1448 4021 ⁰

287 4111 393 4179 inserte
414 4113 609 4200 discerptum
630 4115 700 4179 fuit.
744 4114 813 4179 Iam
829 4134 904 4180 vero
926 4136 1007 4201 quas
1028 4116 1077 4180 'sic
1093 4115 1305 4180 nanciscimur
1325 4114 1375 4178 lit·

287 4234 360 4294 toras
374 4239 530 4296 sinceram
551 4252 571 4296 e
593 4231 718 4297 duobus
739 4231 870 4297 vocibus
893 4240 1058 4314 constant,
1079 4238 1149 4296 oisc
1172 4250 1229 4295 scu
1252 4236 1322 4294 tino
1344 4237 1377 4293 st

286 4365 378 4413 senen.
420 4351 533 4434 Itaque
553 4349 666 4414 ultima
686 4349 787 4413 verba
808 4352 853 4413 sic
875 4350 1051 4433 constituo,
1082 4367 1186 4434 neque
1208 4347 1293 4411 enim
1320 4366 1377 4411 cur

287 4470 417 4528 neutrum
441 4484 544 4551 genus
565 4471 666 4530 modio
690 4471 777 4548 bino,
811 4466 896 4553 quod
918 4486 961 4530 ne
981 4468 1013 4531 in
1041 4465 1133 4531 codd.
1155 4464 1183 4529 Τ
1205 4462 1225 4527 d
1248 4461 1376 4550 quidem

333 4698 364 4771 *)
380 4704 469 4757 Etiam
488 4702 513 4772 S.
534 4704 587 4759 150
606 4710 681 4758 reete
699 4706 848 4757 roboratur
865 4705 894 4758 in
915 4708 981 4757 vett.
1001 4702 1077 4756 editt.
1099 4704 1211 4772 iegitur.
