3700 5625
703 725 796 792 lecr
811 726 969 792 XXVIII.
1269 671 1273 686 ·
1330 726 1391 796 167

284 944 339 1008 pro
362 927 461 1000 quim'a
481 919 557 1003 Ro,
578 926 682 986 metus
704 925 792 1000 quiae
813 918 843 981 V
874 926 985 1000 quince
1006 927 1083 986 illias
1105 923 1191 988 unde
1208 926 1305 990 Ianus
1327 926 1390 990 olo·

283 1041 371 1126 ganti
390 1040 577 1111 coniectura
598 1037 706 1102 offacit
727 1043 803 1101 sotis
825 1043 931 1104 diebus
952 1045 1062 1120 quince
1076 1041 1390 1126 (of.Di0so.11;77›;

270 1131 316 1224 xat
337 1163 406 1222 tum
428 1163 484 1221 aut
504 1176 523 1220 a
544 1156 638 1220 Plinii
665 1176 727 1219 usu
747 1160 778 1220 in
802 1135 852 1219 cce
873 1155 1044 1221 dicandum
1073 1165 1129 1223 aut
1149 1179 1300 1228 numurus
1322 1159 1390 1224 adi-

273 1264 416 1339 'oiendus
443 1280 521 1338 orat.
565 1273 695 1338 uersum
722 1294 889 1338 numerum
905 1274 1041 1339 'diorum
1076 1279 1104 1340 ei
1127 1296 1222 1342 curae
1250 1277 1391 1342 amorbi

282 1394 407 1458 ratione
429 1391 667 1457 attribuendum
689 1396 721 1454 ot
743 1411 800 1475 por
822 1392 965 1476 singulos
990 1379 1058 1457 dics
1080 1401 1202 1459 cormm
1224 1416 1391 1462 numerum

281 1512 482 1577 heminarum
503 1509 676 1576 bibendum
698 1527 771 1573 esse
793 1509 838 1577 ait
852 1508 982 1576 Plinius.
1027 1511 1117 1585 Quas
1140 1514 1300 1578 sententia
1321 1535 1389 1579 vor·

283 1630 331 1695 bis
351 1630 398 1694 R²
421 1629 503 1694 duce
524 1628 571 1693 ita
590 1626 722 1692 mutatis
743 1626 898 1712 prodibit:

322 1753 441 1812 atatis
462 1753 499 1811 in
522 1750 627 1810 dicbus
647 1731 755 1824 quinis.

733 1853 800 1928 131
814 1885 859 1917 =
877 1855 973 1942 9,34.

333 1984 535 2063 Stomacho
564 1983 673 2061 utiles
711 1985 853 2077 (casei)
896 1986 956 2084 qui
983 2009 1058 2063 non
1086 1993 1170 2063 sunt
1197 1987 1308 2078 salsi,
1350 1986 1389 2066 id

333 2128 391 2197 cst
423 2125 613 2211 recontos3
654 2123 800 2193 veteres
841 2117 965 2194 alvum
1003 2119 1137 2196 sistunt
1177 2144 1388 2223 corpusque

331 2249 518 2341 minuunt,
545 2247 738 2328 stomacho
766 2235 944 2327 utiliores.

367 2381 385 2451 ὃ
414 2385 452 2452 δὲ
485 2383 601 2470 νεαλὴς
624 2432 631 2447 .
655 2431 662 2446 .
685 2381 768 2469 πρὸς
800 2389 1002 2471 καθαίρεσιν
1022 2381 1159 2468 Ισαρκὸς
1193 2382 1389 2474 ἐπιτήδειος,

285 2502 545 2586 κακοστόμαχος.
568 2499 774 2565 Dioscorides
796 2500 900 2586 inquit
916 2503 956 2566 II.
972 2503 1026 2587 793
1050 2525 1154 2590 nequa
1176 2506 1304 2570 omnino
1321 2507 1389 2571 fiori

285 2627 391 2706 potest
416 2624 454 2683 ut
487 2618 550 2682 duo
571 2637 692 2703 genera
727 2637 829 2704 aequo
849 2618 941 2683 utilia
968 2621 1046 2705 sint3
1072 2623 1187 2708 ,itaquo
1217 2623 1389 2709 legandum

286 2745 334 2804 ost
354 2737 441 2802 haud
464 2735 573 2800 dubie:
594 2741 748 2799 stomacho
770 2743 954 2802 inscitiores.

351 2860 580 2944 136=9‚27.
611 2855 680 2947 (da
706 2856 867 2955 axungia
892 2878 961 2932 seu
986 2857 1096 2956 adipe
1123 2857 1267 2963 suillo),
1331 2867 1476 2937 615-16

333 2990 576 3091 quamobrem
603 3010 677 3064 non
706 2988 753 3064 de
782 2987 853 3064 alia
875 2990 1069 3087 loquemur
1094 3014 1170 3081 sus,
1199 2990 1312 3068 multo
1340 2993 1394 3069 ef-

335 3123 508 3200 ficaciore
534 3120 671 3197 femina
697 3127 733 3197 ot
760 3143 855 3220 quac
882 3144 956 3198 non
984 3122 1145 3221 poperit3
1173 3122 1392 3203 multovoro
1437 3226 1442 3249 Ι

336 3254 583 3353 praestantior
608 3255 645 3330 in
672 3253 772 3355 apris
795 3259 866 3331 cst.

371 3386 509 3450 Diversa
528 3387 631 3451 auium
654 3406 773 3472 genera
786 3386 832 3452 Pl.
857 3386 1009 3473 quoniam
1030 3407 1095 3450 non
1118 3386 1285 3472 distinguit
1306 3395 1395 3453 aliam

1410 1909 1473 1982 614

191 3517 192 3554 3
288 3527 368 3571 sacm
389 3506 499 3569 nascio
522 3505 571 3568 oui
595 3525 756 3589 opponere
778 3526 841 3567 non
861 3504 975 3590 potuit,
998 3506 1101 3591 potuit
1124 3506 1297 3591 axungiam
1319 3508 1394 3570 suil-

286 3626 350 3688 lam
372 3622 503 3709 raliquis
526 3621 717 3686 animalibus
751 3622 923 3706 praeferre.
967 3625 1079 3708 Itaque
1100 3623 1248 3689 lacunam
1270 3624 1316 3688 sic
1338 3645 1394 3689 ax-

289 3741 361 3825 pleo
384 3760 493 3818 qucum
513 3760 613 3823 csue3
635 3742 814 3825 proximum
829 3760 957 3804 sensum
974 3741 1089 3826 partim
1103 3740 1193 3805 codd.
1219 3741 1395 3828 Ianumque

290 3863 419 3923 secutus
441 3857 487 3922 ita
508 3856 681 3921 constituo:
715 3864 805 3921 multo
828 3862 984 3935 efficacior
1005 3879 1021 3921 c
1040 3863 1151 3934 [cerrino
1173 3872 1241 3941 ert,
1264 3881 1291 3938 q.
1315 3882 1342 3923 n.
1359 3882 1394 3940 p.

289 3978 316 4059 ξ.
339 3975 401 4043 139
424 3975 493 4040 cod.
515 3974 560 4037 Vl
581 3974 827 4058 habotcoptllir,
848 3975 894 4038 R²
912 3980 1086 4057 florentiano,
1108 3976 1193 4040 unde
1216 3975 1319 4040 efficio
1343 3975 1395 4040 co‘·

284 4099 368 4173 pillis
386 4097 556 4172 fluentibus.
800 4182 804 4186 .

537 4292 545 4306 ,
723 4187 959 4299 1ss‘=o,'40.
1416 4237 1478 4304 on

337 4343 671 4445 praestantisimum
698 4343 735 4417 in
763 4343 896 4418 ctlectu
923 4342 974 4418 fel
1002 4350 1070 4419 est.

370 4468 630 4558 praestantissimo
660 4482 692 4538 in
735 4478 843 4551 effectu
875 4473 944 4557 R²‚
987 4475 1007 4537 i.
1049 4495 1077 4538 a.
1111 4479 1397 4553 praestantissimam
1457 4496 1459 4499 ·

292 4600 407 4672 effecta.
430 4592 600 4659 Ablativus
622 4594 707 4656 enim
729 4592 816 4657 solus
838 4592 942 4657 eidam
962 4592 1120 4657 adiectivo
1135 4591 1261 4655 additur
1269 4590 1311 4657 ΙΙ.
1325 4592 1396 4671 th,

291 4712 426 4780 XXVII.
452 4712 522 4777 144.
