3700 5625
726 742 817 804 liber
836 739 930 804 XVI.
1331 728 1374 802 26
1505 811 1507 816 ,

286 938 348 1024 ab.
368 937 393 1001 1.
413 937 548 1020 vulgato
564 940 729 1001 siccissima
741 935 956 1021 posthabitam
974 957 1056 1005 esse.
1078 937 1161 1002 Nam
1182 927 1375 996 πυκνότατα

285 1058 337 1139 μὲν
369 1052 444 1136 οὖν,
475 1053 715 1140 Theophrastus
736 1055 854 1141 inquit,
881 1055 976 1121 δοκεῖ
995 1067 1051 1126 καὶ
1077 1067 1250 1152 βαρύτατα
1272 1065 1376 1142 πύξος

284 1170 550 1256 vicariationem
571 1221 578 1235 .
601 1220 608 1236 .
632 1223 639 1238 .
661 1179 729 1238 τῶν
751 1171 893 1241 δ’ἄλλων
914 1171 932 1240 ὅ
954 1177 1067 1256 λωτός.

656 1343 738 1416 ace
763 1364 805 1394 =
831 1344 889 1463 so,
916 1346 976 1418 u.
1340 1307 1344 1316 ’
1399 1331 1459 1401 291

211 1508 212 1567 ἱ
325 1535 367 1546 -
392 1490 429 1566 in
456 1512 530 1589 quo
557 1497 643 1568 sunt
667 1513 806 1591 genere
833 1491 925 1584 fici„
940 1493 1054 1586 salix,
1080 1496 1144 1576 rel.
1204 1557 1208 1566 .
1248 1579 1251 1592 ⁸

354 1621 425 1687 Non
448 1629 565 1708 συκῆν,
592 1622 649 1687 sed
677 1624 862 1706 συκάμινον
887 1625 1110 1722 nominaverat
1135 1621 1378 1718 Theophrastus

286 1739 318 1804 V.
337 1742 363 1807 3.
386 1743 406 1806 4
427 1742 445 1805 i.
477 1762 504 1804 e.
531 1741 626 1806 ficum
653 1742 863 1827 Aegyptiam,
898 1742 988 1808 cuius
1011 1719 1166 1813 'materies
1199 1749 1377 1817 utilissimis

286 1865 501 1924 annumeratur
522 1881 542 1924 a
563 1860 666 1924 Plinio
687 1858 778 1923 XIII.
798 1861 848 1927 57.
871 1862 907 1924 In
929 1861 1038 1927 codice
1060 1864 1234 1952 archetypo’
1255 1835 1398 1954 paucae·

285 1983 395 2040 tantum
416 1977 542 2040 litterae
571 1999 692 2063 eaeque
719 1986 894 2064 corruptae¹
913 1983 1156 2067 reperiebantur
1177 1996 1211 2048 ai
1230 1989 1323 2067 baec,
1344 1971 1378 2048 in

287 2093 344 2159 cod.
365 2117 384 2158 a
406 2094 539 2180 egregia
558 2094 621 2159 fide
640 2094 835 2182 descriptae,
869 2098 903 2161 in
924 2099 994 2163 cod.
1018 2097 1048 2181 d,
1072 2103 1126 2187 qui
1143 2106 1248 2177 frutex
1269 2101 1377 2185 habet,
1470 2099 1478 2117 '

285 2212 436 2297 ingeniose
459 2212 678 2297 interpolatae.
722 2213 846 2310 Quibus
869 2213 983 2281 litteris
1006 2230 1039 2279 ut
1059 2221 1136 2282 boec
1166 2218 1277 2287 addita
1295 2239 1378 2304 quae

286 2331 410 2413 perierat
443 2330 567 2414 syllaba
599 2352 656 2409 sep
691 2333 795 2417 ipsum
825 2332 902 2398 illud
931 2333 1016 2420 quod
1049 2337 1208 2401 sententia
1237 2337 1380 2423 poscitur

288 2449 408 2534 emergit
431 2455 606 2530 Aegyptiae.
664 2471 668 2477 ·

642 2560 740 2693 x216
766 2640 808 2671 =
835 2623 892 2709 40,
921 2625 980 2695 79.
1400 2641 1462 2714 292

277 2779 282 2784 ·
328 2750 453 2830 Nonne
492 2747 727 2826 simulacrum
752 2749 908 2829 Veiovis
946 2751 983 2827 iu
1024 2776 1108 2830 arce
1146 2777 1167 2831 e
1201 2775 1379 2855 cupresso
1505 2849 1509 2863 '

328 2885 428 2960 durat
453 2907 476 2959 a
502 2884 650 2959 condiia
672 2884 762 2961 urbe
789 2882 944 2962 DCLXl.
973 2910 1068 2965 anno
1097 2888 1283 2965 dicatum?

359 3016 550 3101 corruptum
581 3035 746 3079 numerum
782 3017 923 3104 appellat
954 3018 1087 3084 Prellcr.
1120 3019 1251 3105 mythol.
1286 3019 1379 3083 Rom.

287 3152 312 3215 p.
334 3135 402 3215 136,
425 3154 470 3197 se.
493 3132 657 3219 vulgatum
678 3134 767 3197 illum
789 3153 883 3220 quem
906 3156 924 3199 e
947 3136 1109 3201 codicibus
1132 3136 1291 3223 corrigere
1315 3136 1380 3201 sill.

288 3249 344 3312 lan.
370 3252 598 3337 neglexerunt,
629 3259 806 3315 correctum
834 3252 979 3318 exhibuit
998 3254 1129 3319 Iahnius
1150 3256 1190 3318 ln
1212 3259 1381 3318 comment.

290 3369 442 3432 saxonica
458 3368 549 3436 1847.
572 3390 603 3454 p.
622 3369 692 3435 422.
706 3368 813 3433 num
833 3349 950 3455 legion
971 3371 1080 3453 rnre,
1102 3372 1165 3436 uvi
1188 3370 1382 3435 erroreum

289 3483 315 3545 in
335 3487 372 3566 Ι),
393 3484 530 3584 DQLXI
550 3487 582 3549 in
605 3485 674 3550 eod.
697 3507 717 3550 a
737 3487 757 3551 i.
781 3506 809 3553 e.
831 3485 915 3550 falsa
936 3493 1012 3551 nota
1030 3482 1055 3551 O
1072 3494 1240 3574 expuncta.
1267 3488 1381 3552 Annus

289 3611 382 3668 eutem
404 3608 513 3671 BLXI.
529 3624 555 3667 ‘e
585 3603 678 3668 fastis
701 3604 892 3689 Capitolinis
918 3603 1005 3669 idem
1033 3612 1082 3669 est
1109 3606 1162 3691 qui
1189 3626 1207 3670 e
1230 3605 1382 3669 Varronis

288 3741 353 3786 aera
381 3724 440 3787 fuit
467 3722 606 3802 DLXII,
640 3733 708 3807 'quo
737 3742 821 3785 anno
853 3721 1018 3788 dedicatas
1044 3722 1144 3786 fuisse
1173 3722 1271 3788 aedes
1301 3721 1381 3787 duas
1499 3780 1501 3784 ,

288 3836 360 3903 lovis
382 3840 413 3903 in
438 3840 615 3927 Capitolio,
650 3840 774 3904 Diiovis
802 3845 835 3902 et
862 3838 991 3903 Veiovis
1018 3830 1241 3923 hauddubie,
1273 3838 1380 3903 Livius
1419 3888 1426 3899 ,

287 3957 383 4021 rebrlit
402 3957 540 4021 XXXV.
560 3960 610 4023 41.
634 3964 708 4020 urbe
730 3957 880 4021 omittunt
903 3955 974 4039 ad,
1007 3955 1092 4042 qnod
1112 3956 1230 4021 ideireo
1252 3976 1379 4044 moneo,

288 4092 322 4136 ne
340 4061 456 4139 temere
478 4074 686 4160 archetypum
708 4076 894 4138 lacunosum
917 4073 1097 4159 appellasse
1122 4072 1242 4137 videar.

667 4245 740 4317 220
768 4263 804 4294 =
833 4245 891 4330 rs,
917 4243 977 4317 80.
1401 4232 1487 4305 293v

330 4388 500 4483 Quartum
527 4399 583 4466 est
608 4399 645 4467 et
670 4379 692 4467 'e
714 4389 998 4468 vermiculorum
1011 4412 1163 4489 genere,
1190 4398 1226 4466 et
1251 4412 1378 4467 eorunm

329 4521 388 4602 alii
410 4531 645 4623 putrescente
672 4547 764 4601 suco
791 4526 872 4623 ipse
897 4522 1065 4612 materie,
1104 4522 1164 4599 alii
1191 4524 1379 4622 pariuntur

331 4656 418 4733 sicut
441 4658 479 4733 in
504 4656 697 4765 arboribus
723 4680 839 4764 exeo
865 4654 927 4755 qui
956 4662 1121 4735 cerastes
1146 4665 1312 4734 vocatur.
