3700 5625
478 729 523 802 ut
939 737 1029 800 tros
1054 738 1128 799 nn.

480 953 543 1018 que
570 935 683 998 Ianum
712 935 797 998 male
820 931 862 998 sd
882 933 1048 1020 vulgatam
1076 945 1104 998 st
1126 941 1190 999 oisc
1218 935 1371 1018 rediisse,
1402 957 1496 1023 quam
1518 935 1575 1001 Sill.

480 1050 617 1136 Apuleio
640 1057 770 1116 auctore
796 1052 829 1115 io
852 1064 906 1115 aut
936 1059 1001 1116 oleo
1023 1059 1217 1135 mutaverat,
1251 1053 1364 1119 eodem
1388 1053 1596 1124 Dioscuridis.

480 1167 550 1232 loco
579 1167 727 1251 efficitur,
762 1168 816 1233 ubi
845 1177 1054 1252 συναγχικοῒς
1088 1169 1267 1259 διάχρισμα
1304 1171 1487 1260 πρακτικὸν
1517 1169 1575 1256 μετ’

481 1281 597 1352 iiuion
628 1273 776 1354 noiomi
799 1285 818 1372 ii
840 1289 970 1370 μέλιτος
992 1286 1180 1373 appellatur.
1225 1288 1330 1365 Quum
1350 1288 1450 1376 igitur
1470 1289 1576 1376 ubique

480 1403 637 1489 Apuleius
659 1403 822 1469 codicibus
844 1405 961 1469 nostris
984 1404 1179 1490 praecellere
1192 1403 1349 1489 videatur,
1373 1407 1471 1472 etiam
1492 1405 1524 1470 iu
1542 1405 1575 1470 iis

423 1592 434 1610 Ι
480 1541 564 1607 quae
584 1520 660 1585 ferri
678 1528 828 1606 poterant
851 1521 1035 1607 sequendus
1059 1526 1133 1588 erit:
1167 1521 1276 1609 itaque
1304 1542 1369 1588 uon
1398 1529 1577 1604 scorpionum

480 1644 556 1703 ictus
577 1638 634 1703 sed
654 1646 823 1719 scorpionis
844 1647 932 1702 ictum
956 1658 994 1703 eo
1011 1641 1114 1724 magis
1138 1639 1253 1722 scribo,
1276 1639 1361 1725 qnod
1383 1634 1502 1704 Plinius
1522 1637 1541 1701 1.
1558 1635 1575 1700 l.

482 1755 635 1842 singulari
656 1763 770 1821 animal
788 1777 865 1821 usus
887 1763 945 1821 est.
991 1756 1082 1832 Quae
1104 1777 1176 1822 cum
1199 1758 1244 1822 iia
1268 1761 1347 1842 sint,
1380 1756 1462 1822 haec
1482 1777 1502 1821 a
1522 1753 1577 1819 Pli-

481 1874 538 1939 nio'
559 1875 678 1960 scripta
698 1892 772 1939 esse
794 1894 929 1939 censeo:

524 1998 624 2072 Aliqui
653 2013 678 2057 e.
699 1997 888 2073 scorpionem
910 2011 976 2057 cue.
997 2013 1035 2074 u.,
1069 1994 1319 2069 efficacissimum
1352 2011 1378 2058 e.
1410 1996 1578 2072 scorpionis

524 2117 627 2176 ictum
648 2123 676 2174 et
695 2116 807 2175 semine
827 2122 856 2174 ct
877 2114 1000 2174 elaterio
1023 2120 1051 2172 et
1074 2131 1102 2173 n.
1121 2131 1154 2190 p.
1175 2115 1352 2188 utrimque
1373 2115 1439 2193 ciu;
1472 2130 1507 2172 n.
1525 2126 1577 2189 pro

517 2235 659 2309 portione
679 2249 705 2292 n.
730 2266 766 2275 —
790 2233 811 2291 i.
834 2248 863 2293 n.
886 2247 912 2292 e.
936 2248 966 2291 o.
989 2247 1014 2292 e.
1038 2247 1073 2290 m.
1097 2238 1150 2290 cut
1171 2245 1197 2289 o.
1220 2247 1245 2290 u.
1266 2249 1291 2289 s.

566 2379 716 2445 Ceterum
739 2379 891 2445 leviorem
918 2378 1137 2465 minoremque
1160 2378 1388 2460 differentiam,
1418 2397 1498 2464 quae
1519 2383 1577 2440 tum

481 2482 652 2563 verborum
680 2496 791 2563 ordine
822 2502 890 2561 tum
918 2497 1096 2590 particulis
1112 2495 1162 2560 vel
1195 2517 1328 2561 casuum
1357 2495 1577 2560 terminationi-

482 2616 542 2680 bus
565 2615 755 2696 continetur,
778 2613 884 2678 futnro
907 2613 1022 2678 editori
1045 2613 1238 2699 relinquam:
1262 2614 1413 2699 equidem
1436 2633 1498 2677 non
1518 2632 1577 2676 om·

444 2801 451 2810 ,
482 2753 556 2797 nem
579 2731 847 2815 commemorabo,
868 2753 908 2796 ne
931 2731 1009 2794 mihi
1031 2736 1063 2794 ct
1083 2731 1213 2796 lecturis
1228 2731 1369 2796 taedium
1383 2729 1577 2795 minutiarum
1650 2709 1651 2746 ³

482 2850 660 2916 oboriatur:
704 2870 745 2914 ne
772 2851 806 2915 in
833 2851 872 2915 iis
899 2848 1029 2935 quidem
1056 2848 1135 2914 locis
1169 2834 1379 2933 immorabor,
1423 2871 1501 2936 quos
1521 2846 1577 2913 Sill.

483 2968 654 3055 Apuleium
676 2973 804 3032 secutus
820 2966 1152 3048 emendavitssniore,
1175 2966 1298 3053 opinor,
1321 2967 1481 3032 sententia
1494 2986 1575 3053 quam

481 3088 590 3168 Ianus,
611 3084 663 3150 bic
686 3086 771 3149 enim
787 3084 930 3149 severius
953 3104 1048 3171 quam
1062 3104 1120 3170 par
1135 3089 1204 3149 erat
1225 3084 1267 3148 dc
1281 3084 1344 3149 illis
1362 3084 1518 3171 excerptis
1538 3086 1575 3146 iu·

482 3203 609 3268 dicavit.
653 3204 681 3286 ξ.
705 3206 743 3267 14
767 3222 784 3265 e
806 3202 952 3286 margine
975 3200 1077 3265 codex
1099 3220 1119 3263 a
1139 3200 1378 3287 inscriptionem
1401 3202 1514 3288 capitis
1534 3198 1576 3280 ,de

482 3321 551 3385 eius
581 3318 751 3385 medicina‘
783 3319 913 3403 recepit.
937 3320 987 3403 ·§.
1011 3319 1050 3386 17
1077 3328 1208 3381 recentes
1233 3323 1392 3399 podaprus
1421 3340 1493 3384 cnm
1520 3315 1576 3382 siu.

482 3438 578 3503 etiam
616 3437 724 3501 invitis
759 3434 923 3501 codicibus
956 3435 1158 3514 sepibendum
1193 3450 1265 3501 esse
1294 3456 1428 3520 censeo,
1470 3435 1575 3522 primus

483 3556 568 3620 enim
588 3556 727 3640 impetus
747 3554 851 3618 morbi
871 3554 1006 3618 indicari
1027 3552 1163 3635 videtur,
1185 3551 1225 3617 of.
1247 3552 1370 3619 XXVI.
1392 3553 1462 3620 101.
1496 3553 1523 3637 S.
1543 3551 1575 3617 21

481 3670 644 3757 vulgatam
666 3671 777 3756 probo.
801 3672 829 3756 ξ.
844 3670 885 3739 26
907 3682 1005 3735 nutem
1024 3682 1054 3734 et
1073 3671 1137 3756 legi
1158 3671 1275 3738 malim.
1300 3672 1379 3755 §.34
1401 3690 1474 3736 cum
1485 3668 1575 3734 Brun·

482 3789 536 3856 nio
559 3788 662 3854 scribo
688 3792 818 3870 Opinon,
849 3791 876 3873 ξ.
899 3788 947 3857 37.
961 3794 1073 3853 mortis
1094 3794 1250 3853 contritum
1272 3809 1290 3853 e
1313 3786 1403 3853 codd.
1433 3787 1573 3852 varietate

482 3914 654 3972 mentieris
675 3914 789 3984 tritum,
817 3911 930 3973 morbis
956 3912 1138 3999 cicuitum,
1166 3912 1276 3969 nortis
1304 3917 1333 3969 et
1351 3912 1508 3970 contritum
1530 3899 1571 3984 (r)

482 4024 566 4089 ellici
588 4025 741 4110 suspicor.
771 4026 799 4108 ξ.
816 4025 1044 4092 transenna
1066 4043 1137 4086 cum
1161 4024 1297 4109 Apuleio
1320 4022 1469 4108 vulgatae
1490 4026 1571 4084 etrie-

459 4223 463 4227 ,
484 4152 558 4203 tutes
580 4141 735 4225 praefero,

402 4357 465 4425 424
916 4327 964 4401 ss
1006 4351 1024 4355 ··
1056 4328 1149 4412 cna.

535 4455 702 4556 Capitate
733 4462 885 4557 (porro)
915 4454 1031 4533 maior
1057 4460 1115 4533 est
1139 4454 1188 4529 ad
1215 4456 1346 4533 eadem
1374 4456 1531 4533 effectus
1645 4482 1646 4519 u

567 4588 619 4653 Its
640 4586 706 4654 sur.
729 4608 747 4651 e
768 4586 900 4672 volgata
919 4586 1067 4651 lectione.
1112 4584 1213 4651 cous.
1233 4592 1339 4651 autem
1362 4586 1409 4652 ad
1434 4591 1519 4661 (nam
1539 4580 1571 4645 de

486 4704 616 4791 reliquis
638 4722 702 4768 noo
724 4707 868 4775 constat)
893 4709 1078 4769 insinueret
1106 4706 1212 4781 effectu
1240 4704 1360 4789 legunt.
1404 4702 1491 4777 Quae
1510 4714 1569 4763 cum
