<?xml version="1.0" encoding="UTF-8"?>
<!DOCTYPE html PUBLIC "-//W3C//DTD XHTML 1.0 Transitional//EN"
    "http://www.w3.org/TR/xhtml1/DTD/xhtml1-transitional.dtd">
<html xmlns="http://www.w3.org/1999/xhtml" xml:lang="en" lang="en">
 <head>
  <title>
</title>
<meta http-equiv="Content-Type" content="text/html;charset=utf-8" />
  <meta name='ocr-system' content='tesseract 3.04.00' />
  <meta name='ocr-capabilities' content='ocr_page ocr_carea ocr_par ocr_line ocrx_word'/>
</head>
<body>
  <div class='ocr_page' id='page_1' title='image "./vindiciaeplinia01urligoog_0198.png"; bbox 0 0 3700 5625; ppageno 0'>
   <div class='ocr_carea' id='block_1_1' title="bbox 479 583 1148 656">
    <p class='ocr_par' dir='ltr' id='par_1_1' title="bbox 479 583 1148 656">
     <span class='ocr_line' id='line_1_1' title="bbox 479 583 1148 656; baseline 0.01 -8"><span class='ocrx_word' id='word_1_1' title='bbox 479 583 541 649; x_wconf 73' lang='lat'><strong>184</strong></span> <span class='ocrx_word' id='word_1_2' title='bbox 926 583 1028 653; x_wconf 80' lang='lat' dir='ltr'><strong>Liber</strong></span> <span class='ocrx_word' id='word_1_3' title='bbox 1049 587 1148 656; x_wconf 83' lang='lat' dir='ltr'><em>XIV.</em></span> 
     </span>
    </p>
   </div>
   <div class='ocr_carea' id='block_1_2' title="bbox 528 768 1651 1008">
    <p class='ocr_par' dir='ltr' id='par_1_2' title="bbox 528 735 1651 1008">
     <span class='ocr_line' id='line_1_2' title="bbox 529 768 1579 874; baseline 0.002 -28"><span class='ocrx_word' id='word_1_4' title='bbox 529 793 623 866; x_wconf 89' lang='lat' dir='ltr'><strong>rum,</strong></span> <span class='ocrx_word' id='word_1_5' title='bbox 642 771 826 870; x_wconf 92' lang='lat' dir='ltr'><strong>quomodo</strong></span> <span class='ocrx_word' id='word_1_6' title='bbox 844 768 986 850; x_wconf 81' lang='lat' dir='ltr'><strong>Graeci</strong></span> <span class='ocrx_word' id='word_1_7' title='bbox 1006 771 1234 868; x_wconf 78' lang='lat' dir='ltr'><strong>factitavere,</strong></span> <span class='ocrx_word' id='word_1_8' title='bbox 1263 771 1374 850; x_wconf 82' lang='lat' dir='ltr'><strong>tertia</strong></span> <span class='ocrx_word' id='word_1_9' title='bbox 1387 783 1495 874; x_wconf 88' lang='lat' dir='ltr'><strong>parte</strong></span> <span class='ocrx_word' id='word_1_10' title='bbox 1509 773 1579 848; x_wconf 88' lang='lat' dir='ltr'><strong>aius</strong></span> 
     </span>
     <span class='ocr_line' id='line_1_3' title="bbox 528 893 1651 1008; baseline 0.004 -26"><span class='ocrx_word' id='word_1_11' title='bbox 528 907 628 1005; x_wconf 91' lang='lat' dir='ltr'><strong>quod</strong></span> <span class='ocrx_word' id='word_1_12' title='bbox 654 931 873 1006; x_wconf 85' lang='lat' dir='ltr'><strong>expressum</strong></span> <span class='ocrx_word' id='word_1_13' title='bbox 899 907 948 982; x_wconf 90' lang='lat' dir='ltr'><strong>sit</strong></span> <span class='ocrx_word' id='word_1_14' title='bbox 969 907 1094 984; x_wconf 91' lang='lat' dir='ltr'><strong>addita</strong></span> <span class='ocrx_word' id='word_1_15' title='bbox 1120 931 1236 1008; x_wconf 89' lang='lat' dir='ltr'><strong>aquae</strong></span> <span class='ocrx_word' id='word_1_16' title='bbox 1263 917 1325 984; x_wconf 88' lang='lat' dir='ltr'><strong>rel.</strong></span> <span class='ocrx_word' id='word_1_17' title='bbox 1650 893 1651 900; x_wconf 8' lang='grc' dir='ltr'>ἵ</span> 
     </span>
    </p>
   </div>
   <div class='ocr_carea' id='block_1_3' title="bbox 477 1077 1651 1891">
    <p class='ocr_par' dir='ltr' id='par_1_3' title="bbox 477 1059 1651 3219">
     <span class='ocr_line' id='line_1_4' title="bbox 563 1077 1583 1166; baseline -0.001 -22"><span class='ocrx_word' id='word_1_18' title='bbox 563 1077 685 1144; x_wconf 88' lang='lat' dir='ltr'><strong>Loram</strong></span> <span class='ocrx_word' id='word_1_19' title='bbox 707 1078 753 1144; x_wconf 85' lang='lat' dir='ltr'><strong>ita</strong></span> <span class='ocrx_word' id='word_1_20' title='bbox 779 1079 850 1145; x_wconf 88' lang='lat' dir='ltr'><strong>lieri</strong></span> <span class='ocrx_word' id='word_1_21' title='bbox 872 1081 1036 1166; x_wconf 80' lang='lat' dir='ltr'><strong>praecipit</strong></span> <span class='ocrx_word' id='word_1_22' title='bbox 1058 1079 1243 1147; x_wconf 87' lang='lat' dir='ltr'><strong>Columella</strong></span> <span class='ocrx_word' id='word_1_23' title='bbox 1263 1081 1336 1149; x_wconf 87' lang='grc' dir='ltr'><strong>ΧΗ.</strong></span> <span class='ocrx_word' id='word_1_24' title='bbox 1346 1081 1411 1160; x_wconf 86' lang='grc'><strong>40,</strong></span> <span class='ocrx_word' id='word_1_25' title='bbox 1441 1090 1477 1144; x_wconf 90' lang='lat' dir='ltr'><strong>ut</strong></span> <span class='ocrx_word' id='word_1_26' title='bbox 1505 1099 1583 1164; x_wconf 84' lang='lat' dir='ltr'><strong>aqua</strong></span> 
     </span>
     <span class='ocr_line' id='line_1_5' title="bbox 479 1194 1583 1286; baseline 0.005 -28"><span class='ocrx_word' id='word_1_27' title='bbox 479 1194 584 1262; x_wconf 89' lang='lat' dir='ltr'><strong>dulcis</strong></span> <span class='ocrx_word' id='word_1_28' title='bbox 606 1197 755 1264; x_wconf 85' lang='lat' dir='ltr'><strong>vinaceis</strong></span> <span class='ocrx_word' id='word_1_29' title='bbox 777 1197 970 1264; x_wconf 85' lang='lat' dir='ltr'><strong>infundatur</strong></span> <span class='ocrx_word' id='word_1_30' title='bbox 993 1201 1122 1266; x_wconf 88' lang='lat' dir='ltr'><strong>decima</strong></span> <span class='ocrx_word' id='word_1_31' title='bbox 1146 1210 1241 1284; x_wconf 84' lang='lat' dir='ltr'><strong>parte</strong></span> <span class='ocrx_word' id='word_1_32' title='bbox 1264 1201 1329 1266; x_wconf 90' lang='lat' dir='ltr'><strong>vini</strong></span> <span class='ocrx_word' id='word_1_33' title='bbox 1352 1200 1444 1286; x_wconf 90' lang='lat' dir='ltr'><strong>quod</strong></span> <span class='ocrx_word' id='word_1_34' title='bbox 1458 1221 1522 1265; x_wconf 92' lang='lat' dir='ltr'><strong>uno</strong></span> <span class='ocrx_word' id='word_1_35' title='bbox 1537 1200 1583 1264; x_wconf 88' lang='lat' dir='ltr'><strong>die</strong></span> 
     </span>
     <span class='ocr_line' id='line_1_6' title="bbox 477 1314 1651 1404; baseline -0.004 -22"><span class='ocrx_word' id='word_1_36' title='bbox 477 1314 602 1384; x_wconf 79' lang='lat' dir='ltr'><strong>factum</strong></span> <span class='ocrx_word' id='word_1_37' title='bbox 626 1317 681 1394; x_wconf 84' lang='lat' dir='ltr'><strong>sit,</strong></span> <span class='ocrx_word' id='word_1_38' title='bbox 705 1330 804 1404; x_wconf 87' lang='lat' dir='ltr'><strong>atque</strong></span> <span class='ocrx_word' id='word_1_39' title='bbox 826 1319 912 1384; x_wconf 90' lang='lat' dir='ltr'><strong>idem</strong></span> <span class='ocrx_word' id='word_1_40' title='bbox 935 1319 1153 1386; x_wconf 83' lang='lat' dir='ltr'><strong>Dioscorides</strong></span> <span class='ocrx_word' id='word_1_41' title='bbox 1176 1320 1275 1386; x_wconf 87' lang='lat' dir='ltr'><strong>tradit</strong></span> <span class='ocrx_word' id='word_1_42' title='bbox 1293 1319 1334 1386; x_wconf 89' lang='lat' dir='ltr'><strong>V.</strong></span> <span class='ocrx_word' id='word_1_43' title='bbox 1350 1318 1405 1386; x_wconf 84' lang='lat'><strong>13.</strong></span> <span class='ocrx_word' id='word_1_44' title='bbox 1438 1317 1584 1403; x_wconf 85' lang='lat' dir='ltr'><strong>Apparet</strong></span> <span class='ocrx_word' id='word_1_45' title='bbox 1650 1323 1651 1376; x_wconf 85' lang='lat' dir='ltr'><strong>l</strong></span> 
     </span>
     <span class='ocr_line' id='line_1_7' title="bbox 477 1435 1585 1526; baseline 0.001 -24"><span class='ocrx_word' id='word_1_46' title='bbox 477 1435 597 1520; x_wconf 82' lang='lat' dir='ltr'><strong>igitur,</strong></span> <span class='ocrx_word' id='word_1_47' title='bbox 628 1436 714 1501; x_wconf 87' lang='lat' dir='ltr'><strong>sicut</strong></span> <span class='ocrx_word' id='word_1_48' title='bbox 740 1439 773 1502; x_wconf 91' lang='lat' dir='ltr'><strong>in</strong></span> <span class='ocrx_word' id='word_1_49' title='bbox 801 1439 908 1506; x_wconf 87' lang='lat' dir='ltr'><strong>altero</strong></span> <span class='ocrx_word' id='word_1_50' title='bbox 930 1459 1057 1526; x_wconf 86' lang='lat' dir='ltr'><strong>genere</strong></span> <span class='ocrx_word' id='word_1_51' title='bbox 1083 1442 1214 1506; x_wconf 87' lang='lat' dir='ltr'><strong>tertiam</strong></span> <span class='ocrx_word' id='word_1_52' title='bbox 1240 1445 1379 1525; x_wconf 88' lang='lat' dir='ltr'><strong>partem&#39;</strong></span> <span class='ocrx_word' id='word_1_53' title='bbox 1399 1439 1474 1504; x_wconf 85' lang='lat' dir='ltr'><strong>eius</strong></span> <span class='ocrx_word' id='word_1_54' title='bbox 1495 1441 1585 1504; x_wconf 87' lang='lat' dir='ltr'><strong>musti</strong></span> 
     </span>
     <span class='ocr_line' id='line_1_8' title="bbox 479 1554 1585 1644; baseline 0.002 -26"><span class='ocrx_word' id='word_1_55' title='bbox 479 1554 568 1639; x_wconf 87' lang='lat' dir='ltr'><strong>quod</strong></span> <span class='ocrx_word' id='word_1_56' title='bbox 593 1574 792 1637; x_wconf 85' lang='lat' dir='ltr'><strong>expressum</strong></span> <span class='ocrx_word' id='word_1_57' title='bbox 817 1556 871 1636; x_wconf 76' lang='lat' dir='ltr'><strong>sit,</strong></span> <span class='ocrx_word' id='word_1_58' title='bbox 894 1557 972 1623; x_wconf 87' lang='lat' dir='ltr'><strong>addi</strong></span> <span class='ocrx_word' id='word_1_59' title='bbox 994 1557 1085 1624; x_wconf 89' lang='lat' dir='ltr'><strong>iubet</strong></span> <span class='ocrx_word' id='word_1_60' title='bbox 1112 1557 1254 1636; x_wconf 85' lang='lat' dir='ltr'><strong>Plinius,</strong></span> <span class='ocrx_word' id='word_1_61' title='bbox 1277 1559 1324 1624; x_wconf 86' lang='lat' dir='ltr'><strong>ita</strong></span> <span class='ocrx_word' id='word_1_62' title='bbox 1346 1562 1378 1624; x_wconf 90' lang='lat' dir='ltr'><strong>iu</strong></span> <span class='ocrx_word' id='word_1_63' title='bbox 1406 1558 1514 1644; x_wconf 88' lang='lat' dir='ltr'><strong>primo</strong></span> <span class='ocrx_word' id='word_1_64' title='bbox 1535 1576 1585 1642; x_wconf 83' lang='lat' dir='ltr'><strong>ge·</strong></span> 
     </span>
     <span class='ocr_line' id='line_1_9' title="bbox 478 1673 1651 1770; baseline 0.001 -33"><span class='ocrx_word' id='word_1_65' title='bbox 478 1692 562 1737; x_wconf 90' lang='lat' dir='ltr'><strong>nere</strong></span> <span class='ocrx_word' id='word_1_66' title='bbox 590 1673 713 1739; x_wconf 86' lang='lat' dir='ltr'><strong>deesse</strong></span> <span class='ocrx_word' id='word_1_67' title='bbox 735 1676 947 1756; x_wconf 87' lang='lat' dir='ltr'><strong>vocabulum,</strong></span> <span class='ocrx_word' id='word_1_68' title='bbox 977 1700 1043 1764; x_wconf 86' lang='lat' dir='ltr'><strong>quo</strong></span> <span class='ocrx_word' id='word_1_69' title='bbox 1071 1699 1229 1744; x_wconf 88' lang='lat' dir='ltr'><strong>mensura</strong></span> <span class='ocrx_word' id='word_1_70' title='bbox 1259 1699 1367 1764; x_wconf 87' lang='lat' dir='ltr'><strong>aquae</strong></span> <span class='ocrx_word' id='word_1_71' title='bbox 1396 1698 1475 1743; x_wconf 89' lang='lat' dir='ltr'><strong>cum</strong></span> <span class='ocrx_word' id='word_1_72' title='bbox 1498 1676 1586 1740; x_wconf 90' lang='lat' dir='ltr'><strong>musti</strong></span> <span class='ocrx_word' id='word_1_73' title='bbox 1650 1681 1651 1770; x_wconf 49' lang='lat' dir='ltr'><strong>l</strong></span> 
     </span>
     <span class='ocr_line' id='line_1_10' title="bbox 479 1790 1585 1891; baseline 0.002 -36"><span class='ocrx_word' id='word_1_74' title='bbox 479 1790 635 1875; x_wconf 82' lang='lat' dir='ltr'><strong>portione</strong></span> <span class='ocrx_word' id='word_1_75' title='bbox 652 1805 876 1877; x_wconf 84' lang='lat' dir='ltr'><strong>comparetur.</strong></span> <span class='ocrx_word' id='word_1_76' title='bbox 916 1795 1075 1860; x_wconf 88' lang='lat' dir='ltr'><strong>ldautem</strong></span> <span class='ocrx_word' id='word_1_77' title='bbox 1090 1794 1335 1862; x_wconf 83' lang='lat' dir='ltr'><strong>menifestofuit</strong></span> <span class='ocrx_word' id='word_1_78' title='bbox 1355 1815 1470 1891; x_wconf 66' lang='lat' dir='ltr'><strong>quarm</strong></span> <span class='ocrx_word' id='word_1_79' title='bbox 1492 1792 1585 1880; x_wconf 89' lang='lat' dir='ltr'><strong>quod,</strong></span> 
     </span>
    </p>
   </div>
   <div class='ocr_carea' id='block_1_4' title="bbox 478 1901 1587 2214">
    <p class='ocr_par' dir='ltr' id='par_1_4' title="bbox 478 1901 1587 2214">
     <span class='ocr_line' id='line_1_11' title="bbox 480 1901 1586 1996; baseline 0.001 -24"><span class='ocrx_word' id='word_1_80' title='bbox 480 1928 578 1994; x_wconf 88' lang='lat' dir='ltr'><strong>quum</strong></span> <span class='ocrx_word' id='word_1_81' title='bbox 607 1909 639 1972; x_wconf 92' lang='lat' dir='ltr'><strong>in</strong></span> <span class='ocrx_word' id='word_1_82' title='bbox 660 1909 845 1996; x_wconf 87' lang='lat' dir='ltr'><strong>archetypo</strong></span> <span class='ocrx_word' id='word_1_83' title='bbox 870 1935 920 1978; x_wconf 86' lang='lat' dir='ltr'><strong>vv.</strong></span> <span class='ocrx_word' id='word_1_84' title='bbox 946 1901 1009 1991; x_wconf 63' lang='lat' dir='ltr'><strong>ov]</strong></span> <span class='ocrx_word' id='word_1_85' title='bbox 1029 1937 1109 1992; x_wconf 75' lang='lat' dir='ltr'><strong>orsa</strong></span> <span class='ocrx_word' id='word_1_86' title='bbox 1139 1914 1336 1978; x_wconf 90' lang='lat' dir='ltr'><strong>coniunctim</strong></span> <span class='ocrx_word' id='word_1_87' title='bbox 1358 1912 1514 1996; x_wconf 85' lang='lat' dir='ltr'><strong>scriptae</strong></span> <span class='ocrx_word' id='word_1_88' title='bbox 1536 1931 1586 1974; x_wconf 84' lang='lat' dir='ltr'><strong>ex·</strong></span> 
     </span>
     <span class='ocr_line' id='line_1_12' title="bbox 479 2026 1587 2116; baseline -0.001 -26"><span class='ocrx_word' id='word_1_89' title='bbox 479 2035 620 2106; x_wconf 88' lang='lat' dir='ltr'><strong>starent,</strong></span> <span class='ocrx_word' id='word_1_90' title='bbox 642 2026 798 2093; x_wconf 85' lang='lat' dir='ltr'><strong>facillime</strong></span> <span class='ocrx_word' id='word_1_91' title='bbox 821 2030 891 2095; x_wconf 85' lang='lat' dir='ltr'><strong>lieri</strong></span> <span class='ocrx_word' id='word_1_92' title='bbox 914 2031 1019 2116; x_wconf 90' lang='lat' dir='ltr'><strong>potuit</strong></span> <span class='ocrx_word' id='word_1_93' title='bbox 1041 2042 1077 2097; x_wconf 88' lang='lat' dir='ltr'><strong>ut</strong></span> <span class='ocrx_word' id='word_1_94' title='bbox 1096 2032 1284 2116; x_wconf 84' lang='lat' dir='ltr'><strong>aproximo</strong></span> <span class='ocrx_word' id='word_1_95' title='bbox 1304 2027 1443 2095; x_wconf 87' lang='lat' dir='ltr'><strong>librario</strong></span> <span class='ocrx_word' id='word_1_96' title='bbox 1466 2028 1587 2092; x_wconf 87' lang='lat' dir='ltr'><strong>omitte·</strong></span> 
     </span>
     <span class='ocr_line' id='line_1_13' title="bbox 478 2144 1586 2214; baseline -0.005 0"><span class='ocrx_word' id='word_1_97' title='bbox 478 2154 581 2214; x_wconf 85' lang='lat' dir='ltr'><strong>retur.</strong></span> <span class='ocrx_word' id='word_1_98' title='bbox 637 2144 762 2213; x_wconf 88' lang='lat' dir='ltr'><strong>Eodem</strong></span> <span class='ocrx_word' id='word_1_99' title='bbox 793 2148 893 2214; x_wconf 89' lang='lat' dir='ltr'><strong>modo</strong></span> <span class='ocrx_word' id='word_1_100' title='bbox 926 2149 959 2212; x_wconf 90' lang='lat' dir='ltr'><strong>in</strong></span> <span class='ocrx_word' id='word_1_101' title='bbox 989 2147 1153 2214; x_wconf 88' lang='lat' dir='ltr'><strong>mensuris</strong></span> <span class='ocrx_word' id='word_1_102' title='bbox 1177 2147 1366 2212; x_wconf 80' lang='lat' dir='ltr'><strong>indicandis</strong></span> <span class='ocrx_word' id='word_1_103' title='bbox 1397 2146 1586 2212; x_wconf 87' lang='lat' dir='ltr'><strong>adverbium</strong></span> 
     </span>
    </p>
   </div>
   <div class='ocr_carea' id='block_1_5' title="bbox 477 2262 1587 2474">
    <p class='ocr_par' dir='ltr' id='par_1_5' title="bbox 477 2262 1587 2474">
     <span class='ocr_line' id='line_1_14' title="bbox 477 2262 1587 2353; baseline -0.007 -20"><span class='ocrx_word' id='word_1_104' title='bbox 477 2271 626 2353; x_wconf 88' lang='lat' dir='ltr'><strong>„quam“</strong></span> <span class='ocrx_word' id='word_1_105' title='bbox 649 2279 830 2352; x_wconf 85' lang='lat' dir='ltr'><strong>usurpatur</strong></span> <span class='ocrx_word' id='word_1_106' title='bbox 852 2289 871 2333; x_wconf 89' lang='lat' dir='ltr'><strong>a</strong></span> <span class='ocrx_word' id='word_1_107' title='bbox 892 2270 988 2335; x_wconf 90' lang='lat' dir='ltr'><strong>Livio</strong></span> <span class='ocrx_word' id='word_1_108' title='bbox 1012 2269 1081 2333; x_wconf 90' lang='lat' dir='ltr'><strong>Vll.</strong></span> <span class='ocrx_word' id='word_1_109' title='bbox 1093 2268 1125 2349; x_wconf 84' lang='lat'><strong>8,</strong></span> <span class='ocrx_word' id='word_1_110' title='bbox 1148 2267 1250 2334; x_wconf 90' lang='lat' dir='ltr'>XLV.</span> <span class='ocrx_word' id='word_1_111' title='bbox 1266 2266 1315 2344; x_wconf 80' lang='lat'><strong>18,</strong></span> <span class='ocrx_word' id='word_1_112' title='bbox 1337 2264 1516 2333; x_wconf 88' lang='lat' dir='ltr'><strong>Columell.</strong></span> <span class='ocrx_word' id='word_1_113' title='bbox 1526 2265 1546 2330; x_wconf 92' lang='lat'><strong>1.</strong></span> <span class='ocrx_word' id='word_1_114' title='bbox 1559 2262 1587 2326; x_wconf 86' lang='lat'><strong>8.</strong></span> 
     </span>
     <span class='ocr_line' id='line_1_15' title="bbox 481 2383 1093 2474; baseline 0.002 -22"><span class='ocrx_word' id='word_1_115' title='bbox 481 2394 514 2452; x_wconf 79' lang='lat' dir='ltr'><strong>et</strong></span> <span class='ocrx_word' id='word_1_116' title='bbox 536 2383 618 2452; x_wconf 89' lang='lat' dir='ltr'><strong>aliis.</strong></span> <span class='ocrx_word' id='word_1_117' title='bbox 663 2385 882 2453; x_wconf 83' lang='lat' dir='ltr'><strong>Scribendum</strong></span> <span class='ocrx_word' id='word_1_118' title='bbox 906 2399 959 2454; x_wconf 90' lang='lat' dir='ltr'><strong>est</strong></span> <span class='ocrx_word' id='word_1_119' title='bbox 980 2388 1093 2474; x_wconf 81' lang='lat' dir='ltr'><strong>igitur:</strong></span> 
     </span>
    </p>
   </div>
   <div class='ocr_carea' id='block_1_6' title="bbox 848 2520 1210 2617">
    <p class='ocr_par' dir='ltr' id='par_1_6' title="bbox 848 2520 1210 2617">
     <span class='ocr_line' id='line_1_16' title="bbox 848 2520 1210 2617; baseline -0.008 -31"><span class='ocrx_word' id='word_1_120' title='bbox 848 2520 963 2586; x_wconf 75' lang='lat' dir='ltr'><strong>addim</strong></span> <span class='ocrx_word' id='word_1_121' title='bbox 985 2545 1098 2617; x_wconf 82' lang='lat' dir='ltr'><strong>quom</strong></span> <span class='ocrx_word' id='word_1_122' title='bbox 1116 2544 1210 2617; x_wconf 81' lang='lat' dir='ltr'><strong>quae.</strong></span> 
     </span>
    </p>
   </div>
   <div class='ocr_carea' id='block_1_7' title="bbox 400 2689 1175 2803">
    <p class='ocr_par' dir='ltr' id='par_1_7' title="bbox 400 2689 1175 2803">
     <span class='ocr_line' id='line_1_17' title="bbox 400 2689 1175 2803; baseline -0.001 -38"><span class='ocrx_word' id='word_1_123' title='bbox 400 2736 463 2803; x_wconf 66' lang='lat'><strong>239</strong></span> <span class='ocrx_word' id='word_1_124' title='bbox 895 2689 1175 2786; x_wconf 78' lang='lat' dir='ltr'><strong>loa=1a,1e.</strong></span> 
     </span>
    </p>
   </div>
   <div class='ocr_carea' id='block_1_8' title="bbox 529 2840 1586 3214">
    <p class='ocr_par' dir='ltr' id='par_1_8' title="bbox 529 2840 1586 3214">
     <span class='ocr_line' id='line_1_18' title="bbox 530 2840 1586 2945; baseline -0.003 -28"><span class='ocrx_word' id='word_1_125' title='bbox 530 2845 667 2920; x_wconf 90' lang='lat' dir='ltr'><strong>Vinum</strong></span> <span class='ocrx_word' id='word_1_126' title='bbox 694 2843 736 2917; x_wconf 88' lang='lat' dir='ltr'><strong>lit</strong></span> <span class='ocrx_word' id='word_1_127' title='bbox 763 2854 799 2918; x_wconf 91' lang='lat' dir='ltr'><strong>et</strong></span> <span class='ocrx_word' id='word_1_128' title='bbox 825 2870 847 2919; x_wconf 88' lang='lat' dir='ltr'><strong>e</strong></span> <span class='ocrx_word' id='word_1_129' title='bbox 874 2842 1007 2942; x_wconf 90' lang='lat' dir='ltr'><strong>siliqua</strong></span> <span class='ocrx_word' id='word_1_130' title='bbox 1033 2842 1201 2945; x_wconf 86' lang='lat' dir='ltr'><strong>Syriaca,</strong></span> <span class='ocrx_word' id='word_1_131' title='bbox 1230 2868 1251 2916; x_wconf 90' lang='lat' dir='ltr'><strong>e</strong></span> <span class='ocrx_word' id='word_1_132' title='bbox 1278 2840 1369 2943; x_wconf 91' lang='lat' dir='ltr'><strong>piris</strong></span> <span class='ocrx_word' id='word_1_133' title='bbox 1396 2843 1586 2917; x_wconf 84' lang='lat' dir='ltr'><strong>malorum</strong></span> 
     </span>
     <span class='ocr_line' id='line_1_19' title="bbox 529 2977 1585 3082; baseline -0.008 -26"><span class='ocrx_word' id='word_1_134' title='bbox 529 3005 601 3082; x_wconf 88' lang='lat' dir='ltr'><strong>que</strong></span> <span class='ocrx_word' id='word_1_135' title='bbox 632 2978 799 3055; x_wconf 89' lang='lat' dir='ltr'><strong>omnibus</strong></span> <span class='ocrx_word' id='word_1_136' title='bbox 833 2981 1051 3081; x_wconf 80' lang='lat' dir='ltr'><strong>generibus,</strong></span> <span class='ocrx_word' id='word_1_137' title='bbox 1087 2982 1171 3056; x_wconf 91' lang='lat' dir='ltr'><strong>sed</strong></span> <span class='ocrx_word' id='word_1_138' title='bbox 1205 3006 1226 3055; x_wconf 93' lang='lat' dir='ltr'><strong>e</strong></span> <span class='ocrx_word' id='word_1_139' title='bbox 1258 2977 1411 3055; x_wconf 88' lang='lat' dir='ltr'><strong>Punicis</strong></span> <span class='ocrx_word' id='word_1_140' title='bbox 1444 2978 1585 3055; x_wconf 89' lang='lat' dir='ltr'><strong>rhoiten</strong></span> 
     </span>
     <span class='ocr_line' id='line_1_20' title="bbox 532 3120 1033 3214; baseline -0.006 -19"><span class='ocrx_word' id='word_1_141' title='bbox 532 3129 676 3214; x_wconf 88' lang='lat' dir='ltr'><strong>vocant,</strong></span> <span class='ocrx_word' id='word_1_142' title='bbox 710 3131 748 3194; x_wconf 88' lang='lat' dir='ltr'><strong>et</strong></span> <span class='ocrx_word' id='word_1_143' title='bbox 774 3147 795 3196; x_wconf 94' lang='lat' dir='ltr'><strong>e</strong></span> <span class='ocrx_word' id='word_1_144' title='bbox 822 3120 945 3196; x_wconf 89' lang='lat' dir='ltr'><strong>cornis</strong></span> <span class='ocrx_word' id='word_1_145' title='bbox 971 3128 1033 3193; x_wconf 86' lang='lat' dir='ltr'><strong>rel.</strong></span> 
     </span>
    </p>
   </div>
   <div class='ocr_carea' id='block_1_9' title="bbox 479 3248 1651 3832">
    <p class='ocr_par' dir='ltr' id='par_1_9' title="bbox 479 3234 1651 3691">
     <span class='ocr_line' id='line_1_21' title="bbox 564 3248 1587 3365; baseline -0.011 -28"><span class='ocrx_word' id='word_1_146' title='bbox 564 3270 675 3358; x_wconf 81' lang='lat' dir='ltr'><strong>Vulgo</strong></span> <span class='ocrx_word' id='word_1_147' title='bbox 695 3269 871 3357; x_wconf 84' lang='lat' dir='ltr'><strong>legebatur</strong></span> <span class='ocrx_word' id='word_1_148' title='bbox 891 3292 910 3335; x_wconf 86' lang='lat' dir='ltr'><strong>e</strong></span> <span class='ocrx_word' id='word_1_149' title='bbox 931 3271 1067 3335; x_wconf 81' lang='lat' dir='ltr'><strong>Punicis</strong></span> <span class='ocrx_word' id='word_1_150' title='bbox 1087 3267 1174 3365; x_wconf 81' lang='lat' dir='ltr'><strong>quod</strong></span> <span class='ocrx_word' id='word_1_151' title='bbox 1195 3266 1321 3332; x_wconf 82' lang='lat' dir='ltr'><strong>rlmiten</strong></span> <span class='ocrx_word' id='word_1_152' title='bbox 1343 3248 1479 3333; x_wconf 79' lang='lat' dir='ltr'><strong>vocant.</strong></span> <span class='ocrx_word' id='word_1_153' title='bbox 1515 3264 1587 3328; x_wconf 87' lang='lat' dir='ltr'><strong>Pro·</strong></span> 
     </span>
     <span class='ocr_line' id='line_1_22' title="bbox 479 3383 1651 3474; baseline -0.011 -18"><span class='ocrx_word' id='word_1_154' title='bbox 479 3410 600 3456; x_wconf 89' lang='lat' dir='ltr'><strong>nomen</strong></span> <span class='ocrx_word' id='word_1_155' title='bbox 628 3409 704 3455; x_wconf 91' lang='lat' dir='ltr'><strong>cum</strong></span> <span class='ocrx_word' id='word_1_156' title='bbox 735 3390 869 3474; x_wconf 88' lang='lat' dir='ltr'><strong>optimis</strong></span> <span class='ocrx_word' id='word_1_157' title='bbox 901 3388 995 3454; x_wconf 89' lang='lat' dir='ltr'><strong>libris</strong></span> <span class='ocrx_word' id='word_1_158' title='bbox 1024 3398 1116 3453; x_wconf 90' lang='lat' dir='ltr'><strong>recte</strong></span> <span class='ocrx_word' id='word_1_159' title='bbox 1146 3386 1254 3451; x_wconf 88' lang='lat' dir='ltr'><strong>omisit</strong></span> <span class='ocrx_word' id='word_1_160' title='bbox 1283 3383 1444 3469; x_wconf 77' lang='lat' dir='ltr'><strong>Silligius3</strong></span> <span class='ocrx_word' id='word_1_161' title='bbox 1479 3401 1588 3448; x_wconf 87' lang='lat' dir='ltr'><strong>verum</strong></span> <span class='ocrx_word' id='word_1_162' title='bbox 1648 3392 1651 3471; x_wconf 61' lang='lat' dir='ltr'>j</span> 
     </span>
     <span class='ocr_line' id='line_1_23' title="bbox 480 3502 1651 3593; baseline -0.009 -20"><span class='ocrx_word' id='word_1_163' title='bbox 480 3522 547 3573; x_wconf 90' lang='lat' dir='ltr'><strong>tum</strong></span> <span class='ocrx_word' id='word_1_164' title='bbox 569 3506 835 3590; x_wconf 89' lang='lat' dir='ltr'><strong>interpunctione</strong></span> <span class='ocrx_word' id='word_1_165' title='bbox 856 3515 982 3570; x_wconf 87' lang='lat' dir='ltr'><strong>mutata</strong></span> <span class='ocrx_word' id='word_1_166' title='bbox 1004 3504 1099 3571; x_wconf 87' lang='lat' dir='ltr'><strong>verbi</strong></span> <span class='ocrx_word' id='word_1_167' title='bbox 1122 3503 1180 3567; x_wconf 86' lang='lat' dir='ltr'><strong>sed</strong></span> <span class='ocrx_word' id='word_1_168' title='bbox 1198 3526 1216 3567; x_wconf 88' lang='lat' dir='ltr'><strong>e</strong></span> <span class='ocrx_word' id='word_1_169' title='bbox 1235 3502 1370 3567; x_wconf 66' lang='lat' dir='ltr'><strong>hericis</strong></span> <span class='ocrx_word' id='word_1_170' title='bbox 1391 3508 1514 3565; x_wconf 81' lang='lat' dir='ltr'><strong>uocant</strong></span> <span class='ocrx_word' id='word_1_171' title='bbox 1535 3518 1587 3586; x_wconf 88' lang='lat' dir='ltr'><strong>pa·</strong></span> <span class='ocrx_word' id='word_1_172' title='bbox 1650 3516 1651 3593; x_wconf 65' lang='lat' dir='ltr'><strong>j</strong></span> 
     </span>
     <span class='ocr_line' id='line_1_24' title="bbox 480 3620 1516 3691; baseline -0.008 0"><span class='ocrx_word' id='word_1_173' title='bbox 480 3623 628 3691; x_wconf 88' lang='lat' dir='ltr'><strong>renthesi</strong></span> <span class='ocrx_word' id='word_1_174' title='bbox 649 3622 848 3689; x_wconf 86' lang='lat' dir='ltr'><strong>includenda</strong></span> <span class='ocrx_word' id='word_1_175' title='bbox 872 3632 981 3688; x_wconf 89' lang='lat' dir='ltr'><strong>erunt.</strong></span> <span class='ocrx_word' id='word_1_176' title='bbox 1026 3620 1146 3686; x_wconf 86' lang='lat' dir='ltr'><strong>Melius</strong></span> <span class='ocrx_word' id='word_1_177' title='bbox 1171 3620 1319 3687; x_wconf 89' lang='lat' dir='ltr'><strong>sortasse</strong></span> <span class='ocrx_word' id='word_1_178' title='bbox 1342 3620 1516 3685; x_wconf 83' lang='lat' dir='ltr'><strong>scribitur:</strong></span> 
     </span>
    </p>

    <p class='ocr_par' dir='ltr' id='par_1_10' title="bbox 522 3722 1651 3832">
     <span class='ocr_line' id='line_1_25' title="bbox 522 3722 1651 3832; baseline -0.01 -23"><span class='ocrx_word' id='word_1_179' title='bbox 522 3766 673 3831; x_wconf 80' lang='lat' dir='ltr'><strong>e.p.m.o.</strong></span> <span class='ocrx_word' id='word_1_180' title='bbox 692 3740 875 3832; x_wconf 67' lang='lat' dir='ltr'><strong>perenibus,</strong></span> <span class='ocrx_word' id='word_1_181' title='bbox 898 3751 936 3806; x_wconf 84' lang='lat' dir='ltr'><strong>et</strong></span> <span class='ocrx_word' id='word_1_182' title='bbox 957 3739 1275 3805; x_wconf 81' lang='lat' dir='ltr'><strong>ePum&#39;cie-rlroiten</strong></span> <span class='ocrx_word' id='word_1_183' title='bbox 1289 3746 1458 3803; x_wconf 81' lang='lat' dir='ltr'><strong>uocaat-</strong></span> <span class='ocrx_word' id='word_1_184' title='bbox 1481 3745 1514 3803; x_wconf 85' lang='lat' dir='ltr'><strong>et</strong></span> <span class='ocrx_word' id='word_1_185' title='bbox 1533 3733 1586 3802; x_wconf 89' lang='lat' dir='ltr'><strong>rel.</strong></span> <span class='ocrx_word' id='word_1_186' title='bbox 1650 3722 1651 3731; x_wconf 10' lang='grc' dir='ltr'>ἵ</span> 
     </span>
    </p>
   </div>
   <div class='ocr_carea' id='block_1_10' title="bbox 530 3896 1587 4267">
    <p class='ocr_par' dir='ltr' id='par_1_11' title="bbox 530 3896 1651 4267">
     <span class='ocr_line' id='line_1_26' title="bbox 564 3896 1018 3988; baseline 0.002 -23"><span class='ocrx_word' id='word_1_187' title='bbox 564 3900 600 3966; x_wconf 92' lang='lat' dir='ltr'><strong>ln</strong></span> <span class='ocrx_word' id='word_1_188' title='bbox 624 3899 776 3986; x_wconf 86' lang='lat' dir='ltr'><strong>proximo</strong></span> <span class='ocrx_word' id='word_1_189' title='bbox 800 3896 874 3965; x_wconf 90' lang='lat' dir='ltr'><strong>loco</strong></span> <span class='ocrx_word' id='word_1_190' title='bbox 898 3896 926 3988; x_wconf 59' lang='grc' dir='ltr'><strong>ς,</strong></span> <span class='ocrx_word' id='word_1_191' title='bbox 949 3898 1018 3966; x_wconf 85' lang='grc'><strong>104.</strong></span> 
     </span>
     <span class='ocr_line' id='line_1_27' title="bbox 531 4001 1587 4135; baseline -0.009 -25"><span class='ocrx_word' id='word_1_192' title='bbox 531 4080 581 4097; x_wconf 90' lang='lat'><em>-</em></span> <span class='ocrx_word' id='word_1_193' title='bbox 596 4034 695 4135; x_wconf 84' lang='lat' dir='ltr'><strong>quod</strong></span> <span class='ocrx_word' id='word_1_194' title='bbox 714 4034 766 4111; x_wconf 92' lang='lat' dir='ltr'><strong>ita</strong></span> <span class='ocrx_word' id='word_1_195' title='bbox 787 4001 968 4111; x_wconf 84' lang='lat' dir='ltr'><strong>silvestris</strong></span> <span class='ocrx_word' id='word_1_196' title='bbox 986 4032 1097 4133; x_wconf 88' lang='lat' dir='ltr'><strong>myrti</strong></span> <span class='ocrx_word' id='word_1_197' title='bbox 1117 4031 1218 4107; x_wconf 90' lang='lat' dir='ltr'><strong>bacis</strong></span> <span class='ocrx_word' id='word_1_198' title='bbox 1240 4031 1375 4107; x_wconf 83' lang='lat' dir='ltr'><strong>fectum</strong></span> <span class='ocrx_word' id='word_1_199' title='bbox 1404 4040 1475 4123; x_wconf 86' lang='lat' dir='ltr'><strong>est,</strong></span> <span class='ocrx_word' id='word_1_200' title='bbox 1497 4050 1587 4129; x_wconf 83' lang='lat' dir='ltr'><strong>myr·</strong></span> 
     </span>
     <span class='ocr_line' id='line_1_28' title="bbox 530 4166 1368 4267; baseline -0.007 -22"><span class='ocrx_word' id='word_1_201' title='bbox 530 4168 694 4246; x_wconf 87' lang='lat' dir='ltr'><strong>tidanum</strong></span> <span class='ocrx_word' id='word_1_202' title='bbox 721 4182 894 4261; x_wconf 81' lang='lat' dir='ltr'><strong>vocatur3</strong></span> <span class='ocrx_word' id='word_1_203' title='bbox 927 4170 998 4245; x_wconf 89' lang='lat' dir='ltr'><strong>hoc</strong></span> <span class='ocrx_word' id='word_1_204' title='bbox 1019 4192 1147 4245; x_wconf 90' lang='lat' dir='ltr'><strong>manus</strong></span> <span class='ocrx_word' id='word_1_205' title='bbox 1174 4166 1368 4267; x_wconf 82' lang='lat' dir='ltr'><strong>tinguit.</strong></span> 
     </span>
    </p>
   </div>
   <div class='ocr_carea' id='block_1_11' title="bbox 480 4324 1651 4783">
    <p class='ocr_par' dir='ltr' id='par_1_12' title="bbox 480 4324 1651 4783">
     <span class='ocr_line' id='line_1_29' title="bbox 481 4324 1651 4421; baseline -0.01 -15"><span class='ocrx_word' id='word_1_206' title='bbox 481 4360 501 4406; x_wconf 78' lang='lat' dir='ltr'><strong>e</strong></span> <span class='ocrx_word' id='word_1_207' title='bbox 535 4339 650 4407; x_wconf 80' lang='lat' dir='ltr'><strong>verbis</strong></span> <span class='ocrx_word' id='word_1_208' title='bbox 681 4338 892 4404; x_wconf 80' lang='lat' dir='ltr'><strong>Dioscuridis</strong></span> <span class='ocrx_word' id='word_1_209' title='bbox 924 4337 950 4403; x_wconf 88' lang='lat' dir='ltr'><strong>l.</strong></span> <span class='ocrx_word' id='word_1_210' title='bbox 986 4334 1054 4401; x_wconf 85' lang='lat'><strong>156.</strong></span> <span class='ocrx_word' id='word_1_211' title='bbox 1101 4331 1134 4400; x_wconf 70' lang='grc' dir='ltr'><strong>τὸ</strong></span> <span class='ocrx_word' id='word_1_212' title='bbox 1168 4332 1201 4401; x_wconf 75' lang='lat' dir='ltr'><strong>dl</strong></span> <span class='ocrx_word' id='word_1_213' title='bbox 1239 4332 1433 4419; x_wconf 76' lang='lat' dir='ltr'><strong>pavprr&#39;dacov</strong></span> <span class='ocrx_word' id='word_1_214' title='bbox 1463 4332 1585 4421; x_wconf 73' lang='lat' dir='ltr'><strong>leydpe·</strong></span> <span class='ocrx_word' id='word_1_215' title='bbox 1650 4324 1651 4327; x_wconf 23' lang='lat'>¹</span> 
     </span>
     <span class='ocr_line' id='line_1_30' title="bbox 480 4448 1651 4543; baseline -0.009 -17"><span class='ocrx_word' id='word_1_216' title='bbox 480 4488 539 4526; x_wconf 82' lang='lat' dir='ltr'><strong>voa</strong></span> <span class='ocrx_word' id='word_1_217' title='bbox 564 4456 710 4543; x_wconf 78' lang='grc' dir='ltr'><strong><em>ἒπίφυσῖς</em></strong></span> <span class='ocrx_word' id='word_1_218' title='bbox 737 4458 824 4524; x_wconf 67' lang='grc' dir='ltr'><strong><em>ἐστιν</em></strong></span> <span class='ocrx_word' id='word_1_219' title='bbox 851 4455 1025 4541; x_wconf 74' lang='grc' dir='ltr'><strong><em>ἀνώμαλος</em></strong></span> <span class='ocrx_word' id='word_1_220' title='bbox 1056 4451 1114 4521; x_wconf 77' lang='grc' dir='ltr'><strong>καὶ</strong></span> <span class='ocrx_word' id='word_1_221' title='bbox 1140 4453 1294 4536; x_wconf 63' lang='grc' dir='ltr'><strong>ὄχὲώδης</strong></span> <span class='ocrx_word' id='word_1_222' title='bbox 1323 4450 1382 4520; x_wconf 78' lang='grc' dir='ltr'><strong>καὶ</strong></span> <span class='ocrx_word' id='word_1_223' title='bbox 1409 4448 1584 4538; x_wconf 75' lang='grc' dir='ltr'><strong>ὁμόχρους·</strong></span> <span class='ocrx_word' id='word_1_224' title='bbox 1650 4486 1651 4503; x_wconf 56' lang='lat' dir='ltr'><strong>r</strong></span> 
     </span>
     <span class='ocr_line' id='line_1_31' title="bbox 481 4568 1587 4662; baseline -0.013 -17"><span class='ocrx_word' id='word_1_225' title='bbox 481 4575 576 4645; x_wconf 78' lang='grc' dir='ltr'><strong><em>οἱονεὶ</em></strong></span> <span class='ocrx_word' id='word_1_226' title='bbox 596 4582 701 4662; x_wconf 73' lang='grc' dir='ltr'><strong>χεῖρες</strong></span> <span class='ocrx_word' id='word_1_227' title='bbox 720 4573 787 4661; x_wconf 80' lang='lat' dir='ltr'><strong>rrepl</strong></span> <span class='ocrx_word' id='word_1_228' title='bbox 813 4574 847 4643; x_wconf 85' lang='lat' dir='ltr'><strong>rd</strong></span> <span class='ocrx_word' id='word_1_229' title='bbox 874 4576 927 4657; x_wconf 62' lang='grc' dir='ltr'><strong>τῆς</strong></span> <span class='ocrx_word' id='word_1_230' title='bbox 948 4572 1104 4660; x_wconf 72' lang='grc' dir='ltr'><strong><em>μυρσίνης</em></strong></span> <span class='ocrx_word' id='word_1_231' title='bbox 1126 4572 1264 4659; x_wconf 75' lang='grc' dir='ltr'><strong><em>πρέμνον</em></strong></span> <span class='ocrx_word' id='word_1_232' title='bbox 1290 4570 1404 4637; x_wconf 76' lang='lat' dir='ltr'><strong>ultima</strong></span> <span class='ocrx_word' id='word_1_233' title='bbox 1430 4568 1587 4638; x_wconf 75' lang='lat' dir='ltr'><strong>vocabula</strong></span> 
     </span>
     <span class='ocr_line' id='line_1_32' title="bbox 482 4690 1585 4783; baseline -0.012 -18"><span class='ocrx_word' id='word_1_234' title='bbox 482 4695 627 4783; x_wconf 76' lang='lat' dir='ltr'><strong>alioquin</strong></span> <span class='ocrx_word' id='word_1_235' title='bbox 642 4693 750 4761; x_wconf 86' lang='lat' dir='ltr'><strong>Plinio</strong></span> <span class='ocrx_word' id='word_1_236' title='bbox 762 4712 829 4761; x_wconf 90' lang='lat' dir='ltr'><strong>uon</strong></span> <span class='ocrx_word' id='word_1_237' title='bbox 845 4692 1004 4759; x_wconf 85' lang='lat' dir='ltr'><strong>inusitata</strong></span> <span class='ocrx_word' id='word_1_238' title='bbox 1022 4690 1081 4775; x_wconf 81' lang='lat' dir='ltr'><strong>(cf.</strong></span> <span class='ocrx_word' id='word_1_239' title='bbox 1096 4691 1173 4760; x_wconf 81' lang='lat' dir='ltr'><strong>XV.</strong></span> <span class='ocrx_word' id='word_1_240' title='bbox 1185 4690 1245 4777; x_wconf 76' lang='grc'><strong>97)</strong></span> <span class='ocrx_word' id='word_1_241' title='bbox 1265 4690 1321 4756; x_wconf 87' lang='lat' dir='ltr'><strong>hic</strong></span> <span class='ocrx_word' id='word_1_242' title='bbox 1342 4700 1503 4775; x_wconf 86' lang='lat' dir='ltr'><strong>corrupta</strong></span> <span class='ocrx_word' id='word_1_243' title='bbox 1516 4704 1585 4755; x_wconf 84' lang='lat' dir='ltr'><strong>esse</strong></span> 
     </span>
    </p>
   </div>
   <div class='ocr_carea' id='block_1_12' title="bbox 0 0 1854 5625">
    <p class='ocr_par' dir='ltr' id='par_1_13' title="bbox 0 0 1854 5625">
     <span class='ocr_line' id='line_1_33' title="bbox 0 0 1854 5625; baseline 0 0"><span class='ocrx_word' id='word_1_244' title='bbox 0 0 1854 5625; x_wconf 95' lang='lat' dir='ltr'><strong> </strong></span> 
     </span>
    </p>
   </div>
  </div>
 </body>
</html>
