3700 5625
701 567 803 636 liber
825 567 937 638 Vm.
1315 569 1378 638 119

268 757 345 821 bero
372 755 536 842 pendent,
565 756 666 824 veluti
685 755 861 824 Benedicti
887 753 1034 823 editione
1059 758 1235 842 reperitur.
1278 759 1377 834 Ques

266 885 371 940 nutent
397 877 496 962 vulgo
523 878 679 961 leguntur
705 879 811 944 verba
840 899 903 942 nec
928 879 996 944 nisi
1018 878 1162 966 spatioso
1191 877 1378 944 incubitant

266 995 400 1060 laxitate
427 1008 462 1063 et
489 1017 511 1062 8
532 999 628 1063 bonis
653 998 825 1064 codicibus
845 997 1029 1064 abhorrent
1058 1007 1093 1063 et
1120 997 1195 1063 usui
1216 995 1374 1082 loquendi

263 1129 459 1204 repugnant.
509 1117 626 1182 Verba
646 1118 733 1181 euim
753 1118 944 1194 „incubare
952 1122 975 1156 ‘⁶
1006 1127 1042 1180 et
1064 1114 1272 1181 rarissimum
1295 1115 1372 1194 „in-

263 1237 438 1301 cubitare“
459 1236 504 1300 ita
527 1245 652 1299 tanturn
671 1231 807 1319 intelligi
829 1245 988 1318 possent,
1018 1245 1180 1318 utsupra
1201 1232 1371 1298 laxitatem

263 1355 382 1420 cubare
408 1354 601 1420 dicerentur
622 1351 720 1432 88181,
739 1370 825 1437 8888
847 1361 959 1447 tamen
980 1373 1044 1438 pro
1065 1351 1154 1418 lecto
1169 1351 1242 1416 sive
1262 1360 1370 1417 strato

261 1477 310 1539 rix
331 1473 387 1541 vel
412 1475 456 1539 ub
477 1473 702 1538 audacissimo
725 1473 892 1556 scriptore
905 1493 908 1498 ·
921 1483 1151 1556 usurparetur.
1206 1472 1370 1560 Silliginm

261 1605 365 1658 nutem
388 1614 476 1680 quae
495 1595 529 1658 in
542 1602 740 1658 contextum
762 1593 941 1658 verberum
954 1593 1095 1678 recepit,
1116 1595 1371 1680 proverisger.

261 1713 430 1799 uenisque
454 1710 552 1776 Plinii
577 1711 691 1775 verbis
719 1730 764 1775 ne
788 1710 897 1794 ipsum
920 1711 1053 1795 quidem
1074 1709 1201 1777 lrabere
1224 1712 1369 1793 conlido,

261 1851 352 1914 quum
380 1829 472 1896 omui
500 1848 601 1895 sensu
627 1829 693 1894 siut
719 1829 885 1894 destituta.
939 1828 1048 1903 Quum
1075 1849 1159 1895 vero
1186 1843 1220 1897 et
1248 1832 1323 1897 cod
1346 1833 1370 1897 d

261 1946 431 2031 incubitant,
460 1957 495 2012 et
516 1945 673 2012 disertius
694 1947 794 2012 etlam
821 1946 853 2011 lt
878 1945 1036 2013 exhibeat
1062 1947 1229 2027 inmtbito,
1254 1949 1371 2036 quidni

259 2089 318 2132 una
337 2068 485 2132 litterula
505 2076 631 2130 mutatu
651 2065 838 2130 scribemus

469 2203 531 2246 nec
550 2182 618 2246 nisi
637 2184 779 2268 88811888
800 2181 836 2245 18
856 2180 994 2246 881118
1013 2182 1152 2266 laxitas,

260 2303 450 2370 hocsensu:
472 2303 601 2385 „asinis
619 2323 718 2387 quum
731 2302 898 2368 dormiunt
919 2315 1051 2368 vastum
1075 2312 1200 2371 tautum
1222 2305 1366 2390 spatium

260 2437 306 2488 est
324 2427 345 2490 i.
360 2446 389 2491 e.
404 2423 494 2498 ,satis
516 2433 584 2506 est,
612 2420 772 2488 sufficit.“
828 2421 1017 2488 Locutione
1046 2434 1156 2491 autem
1185 2425 1365 2509 „spatiosa

260 2542 396 2609 laxitus“
413 2544 551 2627 saepius
573 2540 674 2605 utitur
695 2538 832 2619 Plinius,
856 2538 958 2606 veluti
971 2539 1096 2621 11118,
1110 2541 1166 2607 Xl.
1183 2539 1257 2611 toe.

666 2709 941 2806 209=51‚77.
1382 2730 1444 2797 187

302 2846 511 2924 Adhibetur
544 2857 582 2924 et
606 2872 668 2923 urs
693 2846 810 2924 iecori
835 2847 1054 2924 feminarum
1088 2849 1238 2950 (anum)
1265 2848 1363 2925 sicut

304 3010 486 3079 anserum,
511 2984 701 3063 inventum
727 2984 925 3087 11188181,
954 2985 1028 3061 fico
1054 2985 1158 3061 arida
1187 2985 1362 3088 saginatis

304 3120 517 3218 8888118,
543 3120 685 3198 8888118
710 3129 866 3221 repente
893 3118 1002 3197 mulsi
1029 3130 1120 3222 potu
1143 3120 1242 3196 dato.

337 3258 491 3323 Erariis
524 3275 611 3341 quae
644 3255 688 3321 ad
722 3254 811 3320 hunc
843 3254 954 3323 locum
988 3256 1141 3341 prolatae
1170 3266 1248 3320 8881
1277 3274 1360 3324 888-

262 3372 385 3440 lecturis
415 3394 482 3440 una
510 3372 653 3439 Barbari
691 3373 788 3456 (narn
818 3373 1014 3438 coniectura
1047 3394 1128 3440 usus
1162 3394 1241 3439 esse
1266 3374 1360 3441 ride·

262 3502 323 3574 tur,
344 3516 443 3582 quum
465 3495 616 3558 sotietate
636 3491 769 3580 quidem
791 3492 889 3557 etium
909 3493 943 3557 in
956 3490 1007 3556 'ld
1028 3491 1173 3580 legatur,
1194 3494 1256 3559 sed
1279 3514 1301 3555 8
1325 3494 1358 3561 18

261 3608 445 3692 Ktantum,
475 3614 509 3679 id
536 3624 590 3679 est
614 3612 653 3677 in'
674 3611 799 3677 Vetere
827 3609 1051 3698 Dalecumpli,
1089 3635 1154 3700 qua
1179 3616 1254 3699 1888
1282 3614 1314 3681 lt.
1337 3614 1358 3679 Ι.

263 3726 388 3795 barbari
411 3731 513 3796 lectio
536 3729 760 3815 significatur)
785 3750 807 3792 8
825 3732 978 3801 totietate
997 3733 1032 3797 id
1052 3744 1106 3798 est
1131 3746 1238 3818 „post
1258 3736 1359 3801 satie·

263 3856 373 3915 tutent“
396 3848 581 3933 probabilis
600 3848 803 3934 appellanda
821 3862 888 3924 est.
916 3850 1083 3935 Displicet
1103 3863 1212 3918 tamen
1235 3852 1358 3919 violeu-

262 3964 517 4048 instructurae,
538 3988 604 4055 qua
622 3988 690 4036 vox
712 3976 844 4053 repente
865 3968 933 4035 8118
953 3970 1128 4038 interiecta
1149 3972 1193 4035 ab
1209 3972 1357 4044 ablativo

265 4103 344 4169 casu,
367 4107 443 4152 cnrn
466 4106 531 4172 quo
553 4096 664 4150 tarnen
686 4086 852 4150 artissime
876 4086 1057 4169 cohaeret,
1079 4089 1250 4159 dirimitur.
1293 4090 1358 4157 Fa·

262 4201 341 4273 cilius
364 4216 399 4272 et
421 4204 617 4288 elegantius,
640 4202 772 4287 opinor,
795 4203 979 4270 scribatur:

690 4320 740 4385 orl
766 4324 916 4387 satiem.

299 4439 552 4509 voracissimum
575 4442 661 4507 enim
683 4441 804 4507 animal
823 4434 889 4508 nou
909 4442 943 4509 vi
964 4446 1119 4530 quadarn,
1141 4448 1239 4515 sicuti
1259 4469 1358 4517 anse-

266 4579 324 4640 res,
345 4562 387 4627 ad
406 4560 536 4630 fartilia¹
551 4564 780 4629 consumenda
803 4582 890 4649 opus
912 4576 986 4631 erat
1010 4577 1048 4631 ut
1070 4568 1273 4655 adigeretur,
1295 4571 1358 4637 scd
