<?xml version="1.0" encoding="UTF-8"?>
<!DOCTYPE html PUBLIC "-//W3C//DTD XHTML 1.0 Transitional//EN"
    "http://www.w3.org/TR/xhtml1/DTD/xhtml1-transitional.dtd">
<html xmlns="http://www.w3.org/1999/xhtml" xml:lang="en" lang="en">
 <head>
  <title>
</title>
<meta http-equiv="Content-Type" content="text/html;charset=utf-8" />
  <meta name='ocr-system' content='tesseract 3.04.00' />
  <meta name='ocr-capabilities' content='ocr_page ocr_carea ocr_par ocr_line ocrx_word'/>
</head>
<body>
  <div class='ocr_page' id='page_1' title='image "./vindiciaeplinia01urligoog_0439.png"; bbox 0 0 3700 5625; ppageno 0'>
   <div class='ocr_carea' id='block_1_1' title="bbox 727 731 1408 815">
    <p class='ocr_par' dir='ltr' id='par_1_1' title="bbox 727 731 1408 815">
     <span class='ocr_line' id='line_1_1' title="bbox 727 731 1408 815; baseline 0.021 -13"><span class='ocrx_word' id='word_1_1' title='bbox 727 740 818 803; x_wconf 68' lang='lat' dir='ltr'><strong>roe</strong></span> <span class='ocrx_word' id='word_1_2' title='bbox 838 744 994 809; x_wconf 76' lang='lat' dir='ltr'><strong>mm.</strong></span> <span class='ocrx_word' id='word_1_3' title='bbox 1346 731 1408 815; x_wconf 70' lang='lat' dir='ltr'><strong>aas</strong></span> 
     </span>
    </p>
   </div>
   <div class='ocr_carea' id='block_1_2' title="bbox 339 936 1489 1672">
    <p class='ocr_par' dir='ltr' id='par_1_2' title="bbox 339 936 1409 1133">
     <span class='ocr_line' id='line_1_2' title="bbox 339 936 1409 1022; baseline 0.011 -26"><span class='ocrx_word' id='word_1_4' title='bbox 339 936 464 1015; x_wconf 55' lang='lat' dir='ltr'><strong>portem</strong></span> <span class='ocrx_word' id='word_1_5' title='bbox 492 937 610 998; x_wconf 70' lang='lat' dir='ltr'><strong>mento</strong></span> <span class='ocrx_word' id='word_1_6' title='bbox 641 939 746 1013; x_wconf 65' lang='lat' dir='ltr'><strong>leem</strong></span> <span class='ocrx_word' id='word_1_7' title='bbox 788 938 865 1018; x_wconf 83' lang='lat' dir='ltr'><strong>,Sed</strong></span> <span class='ocrx_word' id='word_1_8' title='bbox 888 940 1020 1016; x_wconf 67' lang='lat' dir='ltr'><strong>pantos</strong></span> <span class='ocrx_word' id='word_1_9' title='bbox 1054 944 1193 1006; x_wconf 61' lang='lat' dir='ltr'><strong>cimorum</strong></span> <span class='ocrx_word' id='word_1_10' title='bbox 1224 944 1409 1022; x_wconf 73' lang='lat' dir='ltr'><strong>todutomtcs</strong></span> 
     </span>
     <span class='ocr_line' id='line_1_3' title="bbox 342 1051 918 1133; baseline 0.003 -19"><span class='ocrx_word' id='word_1_11' title='bbox 342 1051 572 1133; x_wconf 68' lang='lat' dir='ltr'><strong>oolaptntttct:</strong></span> <span class='ocrx_word' id='word_1_12' title='bbox 592 1054 743 1132; x_wconf 74' lang='lat' dir='ltr'><strong>idipsum</strong></span> <span class='ocrx_word' id='word_1_13' title='bbox 762 1058 841 1117; x_wconf 68' lang='lat' dir='ltr'><strong>erar?</strong></span> <span class='ocrx_word' id='word_1_14' title='bbox 859 1054 918 1119; x_wconf 90' lang='lat' dir='ltr'><strong>rel.</strong></span> 
     </span>
    </p>

    <p class='ocr_par' dir='ltr' id='par_1_3' title="bbox 350 1168 1489 1672">
     <span class='ocr_line' id='line_1_4' title="bbox 562 1168 1489 1269; baseline 0.009 -22"><span class='ocrx_word' id='word_1_15' title='bbox 562 1174 610 1247; x_wconf 79' lang='grc'><strong>67</strong></span> <span class='ocrx_word' id='word_1_16' title='bbox 636 1204 674 1239; x_wconf 83' lang='lat'>=</span> <span class='ocrx_word' id='word_1_17' title='bbox 701 1173 796 1261; x_wconf 79' lang='lat' dir='ltr'><strong>9,tt.</strong></span> <span class='ocrx_word' id='word_1_18' title='bbox 841 1171 913 1267; x_wconf 87' lang='lat' dir='ltr'><strong>(de</strong></span> <span class='ocrx_word' id='word_1_19' title='bbox 940 1171 1145 1269; x_wconf 78' lang='lat' dir='ltr'><strong>obelisco).</strong></span> <span class='ocrx_word' id='word_1_20' title='bbox 1428 1168 1489 1238; x_wconf 84' lang='lat'><strong>791</strong></span> 
     </span>
     <span class='ocr_line' id='line_1_5' title="bbox 350 1300 1409 1387; baseline 0.008 -8"><span class='ocrx_word' id='word_1_21' title='bbox 350 1300 602 1379; x_wconf 77' lang='lat' dir='ltr'><strong>Alexandriae</strong></span> <span class='ocrx_word' id='word_1_22' title='bbox 646 1302 771 1378; x_wconf 75' lang='lat' dir='ltr'><strong>statuit</strong></span> <span class='ocrx_word' id='word_1_23' title='bbox 808 1325 921 1381; x_wconf 91' lang='lat' dir='ltr'><strong>unum</strong></span> <span class='ocrx_word' id='word_1_24' title='bbox 958 1303 1195 1386; x_wconf 85' lang='lat' dir='ltr'><strong>Ptolemaeus</strong></span> <span class='ocrx_word' id='word_1_25' title='bbox 1221 1306 1409 1387; x_wconf 88' lang='lat' dir='ltr'><strong>Philadel-</strong></span> 
     </span>
     <span class='ocr_line' id='line_1_6' title="bbox 350 1432 1408 1535; baseline 0.012 -27"><span class='ocrx_word' id='word_1_26' title='bbox 350 1432 449 1533; x_wconf 90' lang='lat' dir='ltr'><strong>phus</strong></span> <span class='ocrx_word' id='word_1_27' title='bbox 481 1477 526 1490; x_wconf 83' lang='lat'>-</span> <span class='ocrx_word' id='word_1_28' title='bbox 567 1432 758 1512; x_wconf 79' lang='lat' dir='ltr'><strong>exciderat</strong></span> <span class='ocrx_word' id='word_1_29' title='bbox 789 1458 873 1512; x_wconf 94' lang='lat' dir='ltr'><strong>eum</strong></span> <span class='ocrx_word' id='word_1_30' title='bbox 913 1435 1137 1515; x_wconf 85' lang='lat' dir='ltr'><strong>Nectenebis</strong></span> <span class='ocrx_word' id='word_1_31' title='bbox 1187 1438 1408 1535; x_wconf 79' lang='lat' dir='ltr'><strong>(Necthebis</strong></span> 
     </span>
     <span class='ocr_line' id='line_1_7' title="bbox 351 1564 1408 1672; baseline 0.009 -29"><span class='ocrx_word' id='word_1_32' title='bbox 351 1564 431 1644; x_wconf 87' lang='lat' dir='ltr'><strong>Sill.</strong></span> <span class='ocrx_word' id='word_1_33' title='bbox 458 1564 556 1659; x_wconf 81' lang='lat' dir='ltr'><strong>len.)</strong></span> <span class='ocrx_word' id='word_1_34' title='bbox 585 1588 652 1644; x_wconf 84' lang='lat' dir='ltr'><strong>rex</strong></span> <span class='ocrx_word' id='word_1_35' title='bbox 679 1589 827 1667; x_wconf 88' lang='lat' dir='ltr'><strong>punrm‚</strong></span> <span class='ocrx_word' id='word_1_36' title='bbox 868 1569 1061 1669; x_wconf 89' lang='lat' dir='ltr'><strong>maiusque</strong></span> <span class='ocrx_word' id='word_1_37' title='bbox 1094 1594 1189 1672; x_wconf 91' lang='lat' dir='ltr'><strong>opus</strong></span> <span class='ocrx_word' id='word_1_38' title='bbox 1228 1575 1264 1650; x_wconf 96' lang='lat' dir='ltr'><strong>in</strong></span> <span class='ocrx_word' id='word_1_39' title='bbox 1292 1576 1408 1652; x_wconf 90' lang='lat' dir='ltr'><strong>deve-</strong></span> 
     </span>
    </p>
   </div>
   <div class='ocr_carea' id='block_1_3' title="bbox 296 1698 1483 2652">
    <p class='ocr_par' dir='ltr' id='par_1_4' title="bbox 349 1698 1340 1801">
     <span class='ocr_line' id='line_1_8' title="bbox 349 1698 1340 1801; baseline 0.01 -26"><span class='ocrx_word' id='word_1_40' title='bbox 349 1698 475 1776; x_wconf 91' lang='lat' dir='ltr'><strong>hendo</strong></span> <span class='ocrx_word' id='word_1_41' title='bbox 502 1698 750 1778; x_wconf 88' lang='lat' dir='ltr'><strong>statuendove</strong></span> <span class='ocrx_word' id='word_1_42' title='bbox 776 1700 890 1779; x_wconf 89' lang='lat' dir='ltr'><strong>multo</strong></span> <span class='ocrx_word' id='word_1_43' title='bbox 917 1724 1026 1801; x_wconf 88' lang='lat' dir='ltr'><strong>quam</strong></span> <span class='ocrx_word' id='word_1_44' title='bbox 1052 1704 1090 1779; x_wconf 93' lang='lat' dir='ltr'><strong>in</strong></span> <span class='ocrx_word' id='word_1_45' title='bbox 1117 1706 1340 1786; x_wconf 80' lang='lat' dir='ltr'><strong>excidendo.</strong></span> 
     </span>
    </p>

    <p class='ocr_par' dir='ltr' id='par_1_5' title="bbox 296 1828 1483 2652">
     <span class='ocr_line' id='line_1_9' title="bbox 383 1828 1483 1923; baseline 0.012 -30"><span class='ocrx_word' id='word_1_46' title='bbox 383 1830 435 1895; x_wconf 85' lang='lat' dir='ltr'><strong>Ite</strong></span> <span class='ocrx_word' id='word_1_47' title='bbox 456 1828 523 1895; x_wconf 79' lang='lat' dir='ltr'><strong>Sili.</strong></span> <span class='ocrx_word' id='word_1_48' title='bbox 551 1830 617 1895; x_wconf 84' lang='lat' dir='ltr'><strong>Ian.</strong></span> <span class='ocrx_word' id='word_1_49' title='bbox 639 1830 772 1896; x_wconf 84' lang='lat' dir='ltr'><strong>verbum</strong></span> <span class='ocrx_word' id='word_1_50' title='bbox 799 1831 880 1916; x_wconf 77' lang='lat' dir='ltr'><strong>,firit‘</strong></span> <span class='ocrx_word' id='word_1_51' title='bbox 914 1834 1017 1899; x_wconf 87' lang='lat' dir='ltr'><strong>omitti</strong></span> <span class='ocrx_word' id='word_1_52' title='bbox 1038 1856 1134 1922; x_wconf 87' lang='lat' dir='ltr'><strong>posse</strong></span> <span class='ocrx_word' id='word_1_53' title='bbox 1156 1840 1234 1923; x_wconf 83' lang='lat' dir='ltr'><strong>reti,</strong></span> <span class='ocrx_word' id='word_1_54' title='bbox 1270 1840 1407 1904; x_wconf 84' lang='lat' dir='ltr'><strong>eBam-</strong></span> <span class='ocrx_word' id='word_1_55' title='bbox 1479 1887 1483 1897; x_wconf 83' lang='lat'>·</span> 
     </span>
     <span class='ocr_line' id='line_1_10' title="bbox 298 1946 1407 2040; baseline 0.008 -27"><span class='ocrx_word' id='word_1_56' title='bbox 298 1947 453 2032; x_wconf 82' lang='lat' dir='ltr'><strong>bergensi</strong></span> <span class='ocrx_word' id='word_1_57' title='bbox 471 1952 559 2034; x_wconf 86' lang='lat' dir='ltr'><strong>puta.</strong></span> <span class='ocrx_word' id='word_1_58' title='bbox 588 1946 673 2023; x_wconf 84' lang='lat' dir='ltr'><strong>Quid</strong></span> <span class='ocrx_word' id='word_1_59' title='bbox 695 1954 801 2014; x_wconf 83' lang='lat' dir='ltr'><strong>entem</strong></span> <span class='ocrx_word' id='word_1_60' title='bbox 823 1949 879 2014; x_wconf 86' lang='lat' dir='ltr'><strong>ille</strong></span> <span class='ocrx_word' id='word_1_61' title='bbox 899 1950 1053 2017; x_wconf 74' lang='lat' dir='ltr'><strong>exhibet?</strong></span> <span class='ocrx_word' id='word_1_62' title='bbox 1074 1974 1190 2038; x_wconf 87' lang='lat' dir='ltr'><strong>nempe</strong></span> <span class='ocrx_word' id='word_1_63' title='bbox 1211 1964 1407 2040; x_wconf 71' lang='lat' dir='ltr'><strong>monumen,</strong></span> 
     </span>
     <span class='ocr_line' id='line_1_11' title="bbox 297 2064 1406 2156; baseline 0.009 -25"><span class='ocrx_word' id='word_1_64' title='bbox 297 2064 353 2131; x_wconf 88' lang='lat' dir='ltr'><strong>hic</strong></span> <span class='ocrx_word' id='word_1_65' title='bbox 374 2083 503 2150; x_wconf 89' lang='lat' dir='ltr'><strong>quoque</strong></span> <span class='ocrx_word' id='word_1_66' title='bbox 523 2084 602 2150; x_wconf 80' lang='lat' dir='ltr'><strong>pree</strong></span> <span class='ocrx_word' id='word_1_67' title='bbox 621 2066 738 2131; x_wconf 88' lang='lat' dir='ltr'><strong>ceteris</strong></span> <span class='ocrx_word' id='word_1_68' title='bbox 759 2067 891 2153; x_wconf 79' lang='lat' dir='ltr'><strong>egregia</strong></span> <span class='ocrx_word' id='word_1_69' title='bbox 906 2067 971 2133; x_wconf 88' lang='lat' dir='ltr'><strong>tide</strong></span> <span class='ocrx_word' id='word_1_70' title='bbox 991 2070 1137 2156; x_wconf 58' lang='lat' dir='ltr'><strong>insignio</strong></span> <span class='ocrx_word' id='word_1_71' title='bbox 1159 2075 1300 2141; x_wconf 74' lang='lat' dir='ltr'><strong>servarit</strong></span> <span class='ocrx_word' id='word_1_72' title='bbox 1321 2076 1406 2141; x_wconf 88' lang='lat' dir='ltr'><strong>enirn</strong></span> 
     </span>
     <span class='ocr_line' id='line_1_12' title="bbox 297 2181 1406 2278; baseline 0.008 -28"><span class='ocrx_word' id='word_1_73' title='bbox 297 2181 460 2269; x_wconf 79' lang='lat' dir='ltr'><strong>participii</strong></span> <span class='ocrx_word' id='word_1_74' title='bbox 479 2181 736 2249; x_wconf 82' lang='lat' dir='ltr'><strong>terminationem</strong></span> <span class='ocrx_word' id='word_1_75' title='bbox 752 2204 836 2270; x_wconf 79' lang='lat' dir='ltr'><strong>quoe</strong></span> <span class='ocrx_word' id='word_1_76' title='bbox 856 2184 1005 2251; x_wconf 88' lang='lat' dir='ltr'><strong>inVRd</strong></span> <span class='ocrx_word' id='word_1_77' title='bbox 1026 2188 1060 2253; x_wconf 92' lang='lat' dir='ltr'><strong>in</strong></span> <span class='ocrx_word' id='word_1_78' title='bbox 1080 2191 1201 2271; x_wconf 87' lang='lat' dir='ltr'><strong>,multo‘</strong></span> <span class='ocrx_word' id='word_1_79' title='bbox 1221 2191 1310 2275; x_wconf 80' lang='lat' dir='ltr'><strong>obiit,</strong></span> <span class='ocrx_word' id='word_1_80' title='bbox 1332 2213 1406 2278; x_wconf 81' lang='lat' dir='ltr'><strong>pas·</strong></span> 
     </span>
     <span class='ocr_line' id='line_1_13' title="bbox 298 2297 1406 2398; baseline 0.007 -27"><span class='ocrx_word' id='word_1_81' title='bbox 298 2305 362 2371; x_wconf 83' lang='lat' dir='ltr'><strong>sivi</strong></span> <span class='ocrx_word' id='word_1_82' title='bbox 379 2304 582 2393; x_wconf 83' lang='lat' dir='ltr'><strong>perticipium</strong></span> <span class='ocrx_word' id='word_1_83' title='bbox 604 2304 693 2388; x_wconf 88' lang='lat' dir='ltr'><strong>dico,</strong></span> <span class='ocrx_word' id='word_1_84' title='bbox 719 2326 794 2372; x_wconf 92' lang='lat' dir='ltr'><strong>nam</strong></span> <span class='ocrx_word' id='word_1_85' title='bbox 816 2327 835 2371; x_wconf 87' lang='lat' dir='ltr'><strong>c</strong></span> <span class='ocrx_word' id='word_1_86' title='bbox 855 2309 920 2374; x_wconf 81' lang='lat' dir='ltr'><strong>leri</strong></span> <span class='ocrx_word' id='word_1_87' title='bbox 942 2311 1123 2398; x_wconf 83' lang='lat' dir='ltr'><strong>comuptela</strong></span> <span class='ocrx_word' id='word_1_88' title='bbox 1168 2297 1328 2387; x_wconf 83' lang='lat' dir='ltr'><strong>mullum¹</strong></span> <span class='ocrx_word' id='word_1_89' title='bbox 1372 2314 1406 2380; x_wconf 94' lang='lat' dir='ltr'><strong>id</strong></span> 
     </span>
     <span class='ocr_line' id='line_1_14' title="bbox 298 2419 1405 2517; baseline -0.001 -19"><span class='ocrx_word' id='word_1_90' title='bbox 298 2428 386 2517; x_wconf 84' lang='lat' dir='ltr'><strong>quod</strong></span> <span class='ocrx_word' id='word_1_91' title='bbox 408 2429 569 2514; x_wconf 80' lang='lat' dir='ltr'><strong>sententia</strong></span> <span class='ocrx_word' id='word_1_92' title='bbox 597 2429 660 2493; x_wconf 91' lang='lat' dir='ltr'><strong>loci</strong></span> <span class='ocrx_word' id='word_1_93' title='bbox 681 2431 851 2517; x_wconf 85' lang='lat' dir='ltr'><strong>requiritur</strong></span> <span class='ocrx_word' id='word_1_94' title='bbox 879 2433 1055 2497; x_wconf 84' lang='lat' dir='ltr'><strong>restituitur</strong></span> <span class='ocrx_word' id='word_1_95' title='bbox 1080 2419 1281 2497; x_wconf 82' lang='lat' dir='ltr'><strong>inuentum.</strong></span> <span class='ocrx_word' id='word_1_96' title='bbox 1305 2432 1405 2502; x_wconf 86' lang='lat' dir='ltr'><strong>Vides</strong></span> 
     </span>
     <span class='ocr_line' id='line_1_15' title="bbox 296 2539 1234 2652; baseline 0.001 -22"><span class='ocrx_word' id='word_1_97' title='bbox 296 2565 424 2630; x_wconf 83' lang='lat' dir='ltr'><strong>litteras</strong></span> <span class='ocrx_word' id='word_1_98' title='bbox 446 2571 483 2623; x_wconf 90' lang='lat' dir='ltr'><strong>m</strong></span> <span class='ocrx_word' id='word_1_99' title='bbox 504 2549 570 2628; x_wconf 87' lang='lat' dir='ltr'><strong>etl</strong></span> <span class='ocrx_word' id='word_1_100' title='bbox 592 2585 634 2631; x_wconf 80' lang='lat' dir='ltr'><strong>ex</strong></span> <span class='ocrx_word' id='word_1_101' title='bbox 654 2564 704 2631; x_wconf 90' lang='lat' dir='ltr'><strong>his</strong></span> <span class='ocrx_word' id='word_1_102' title='bbox 728 2565 828 2652; x_wconf 77' lang='lat' dir='ltr'><strong>signis</strong></span> <span class='ocrx_word' id='word_1_103' title='bbox 849 2551 887 2628; x_wconf 94' lang='lat' dir='ltr'><strong>in</strong></span> <span class='ocrx_word' id='word_1_104' title='bbox 909 2539 984 2631; x_wconf 72' lang='lat' dir='ltr'><strong>ete</strong></span> <span class='ocrx_word' id='word_1_105' title='bbox 1008 2566 1131 2637; x_wconf 85' lang='lat' dir='ltr'><strong>effictas</strong></span> <span class='ocrx_word' id='word_1_106' title='bbox 1153 2586 1234 2633; x_wconf 85' lang='lat' dir='ltr'><strong>esse.</strong></span> 
     </span>
    </p>
   </div>
   <div class='ocr_carea' id='block_1_4' title="bbox 345 2692 1488 2938">
    <p class='ocr_par' dir='ltr' id='par_1_6' title="bbox 345 2692 1488 2938">
     <span class='ocr_line' id='line_1_16' title="bbox 423 2692 1488 2795; baseline -0.002 -16"><span class='ocrx_word' id='word_1_107' title='bbox 423 2706 470 2779; x_wconf 82' lang='grc'><strong>69</strong></span> <span class='ocrx_word' id='word_1_108' title='bbox 484 2698 690 2780; x_wconf 77' lang='lat' dir='ltr'><strong>:ibidem</strong></span> <span class='ocrx_word' id='word_1_109' title='bbox 722 2702 791 2795; x_wconf 91' lang='lat' dir='ltr'><strong>(de</strong></span> <span class='ocrx_word' id='word_1_110' title='bbox 816 2700 984 2782; x_wconf 78' lang='lat' dir='ltr'><strong>obelisco</strong></span> <span class='ocrx_word' id='word_1_111' title='bbox 1011 2702 1304 2794; x_wconf 82' lang='lat' dir='ltr'><strong>Alexandrino).</strong></span> <span class='ocrx_word' id='word_1_112' title='bbox 1426 2692 1488 2763; x_wconf 79' lang='grc'><strong>792</strong></span> 
     </span>
     <span class='ocr_line' id='line_1_17' title="bbox 345 2831 1405 2938; baseline 0.001 -26"><span class='ocrx_word' id='word_1_113' title='bbox 345 2831 541 2912; x_wconf 82' lang='lat' dir='ltr'><strong>navalibus</strong></span> <span class='ocrx_word' id='word_1_114' title='bbox 576 2834 852 2913; x_wconf 92' lang='lat' dir='ltr'><strong>incommodum</strong></span> <span class='ocrx_word' id='word_1_115' title='bbox 878 2835 1057 2914; x_wconf 84' lang='lat' dir='ltr'><strong>Maximus</strong></span> <span class='ocrx_word' id='word_1_116' title='bbox 1089 2833 1266 2936; x_wconf 87' lang='lat' dir='ltr'><strong>[quidem]</strong></span> <span class='ocrx_word' id='word_1_117' title='bbox 1299 2859 1405 2938; x_wconf 84' lang='lat' dir='ltr'><strong>pree-</strong></span> 
     </span>
    </p>
   </div>
   <div class='ocr_carea' id='block_1_5' title="bbox 294 2963 1483 4364">
    <p class='ocr_par' dir='ltr' id='par_1_7' title="bbox 345 2963 1194 3068">
     <span class='ocr_line' id='line_1_18' title="bbox 345 2963 1194 3068; baseline 0.001 -25"><span class='ocrx_word' id='word_1_118' title='bbox 345 2966 467 3044; x_wconf 84' lang='lat' dir='ltr'><strong>lectus</strong></span> <span class='ocrx_word' id='word_1_119' title='bbox 494 2963 686 3068; x_wconf 68' lang='lat' dir='ltr'><strong>[Aegypti]</strong></span> <span class='ocrx_word' id='word_1_120' title='bbox 712 2965 895 3044; x_wconf 84' lang='lat' dir='ltr'><strong>transtulit</strong></span> <span class='ocrx_word' id='word_1_121' title='bbox 918 2969 957 3044; x_wconf 94' lang='lat' dir='ltr'><strong>in</strong></span> <span class='ocrx_word' id='word_1_122' title='bbox 981 2969 1103 3047; x_wconf 87' lang='lat' dir='ltr'><strong>forum</strong></span> <span class='ocrx_word' id='word_1_123' title='bbox 1129 2965 1194 3044; x_wconf 88' lang='lat' dir='ltr'><strong>rel.</strong></span> 
     </span>
    </p>

    <p class='ocr_par' dir='ltr' id='par_1_8' title="bbox 294 3097 1483 4364">
     <span class='ocr_line' id='line_1_19' title="bbox 379 3097 1404 3186; baseline 0.003 -25"><span class='ocrx_word' id='word_1_124' title='bbox 379 3097 528 3162; x_wconf 82' lang='lat' dir='ltr'><strong>Pessime</strong></span> <span class='ocrx_word' id='word_1_125' title='bbox 549 3099 697 3185; x_wconf 86' lang='lat' dir='ltr'><strong>exemplo</strong></span> <span class='ocrx_word' id='word_1_126' title='bbox 719 3098 786 3164; x_wconf 82' lang='lat' dir='ltr'><strong>sul.</strong></span> <span class='ocrx_word' id='word_1_127' title='bbox 809 3119 827 3163; x_wconf 88' lang='lat' dir='ltr'><strong>e</strong></span> <span class='ocrx_word' id='word_1_128' title='bbox 852 3101 1002 3186; x_wconf 88' lang='lat' dir='ltr'><strong>pessimis</strong></span> <span class='ocrx_word' id='word_1_129' title='bbox 1024 3099 1113 3164; x_wconf 90' lang='lat' dir='ltr'><strong>libris</strong></span> <span class='ocrx_word' id='word_1_130' title='bbox 1144 3099 1333 3184; x_wconf 82' lang='lat' dir='ltr'><strong>particulam</strong></span> <span class='ocrx_word' id='word_1_131' title='bbox 1353 3119 1404 3164; x_wconf 86' lang='lat' dir='ltr'><strong>re·</strong></span> 
     </span>
     <span class='ocr_line' id='line_1_20' title="bbox 296 3214 1405 3302; baseline 0.001 -23"><span class='ocrx_word' id='word_1_132' title='bbox 296 3215 384 3301; x_wconf 87' lang='lat' dir='ltr'><strong>cepit</strong></span> <span class='ocrx_word' id='word_1_133' title='bbox 417 3233 501 3299; x_wconf 87' lang='lat' dir='ltr'><strong>quae</strong></span> <span class='ocrx_word' id='word_1_134' title='bbox 532 3215 609 3300; x_wconf 91' lang='lat' dir='ltr'><strong>quid</strong></span> <span class='ocrx_word' id='word_1_135' title='bbox 640 3214 702 3278; x_wconf 88' lang='lat' dir='ltr'><strong>hoo</strong></span> <span class='ocrx_word' id='word_1_136' title='bbox 722 3215 851 3302; x_wconf 86' lang='lat' dir='ltr'><strong>quidem</strong></span> <span class='ocrx_word' id='word_1_137' title='bbox 881 3217 954 3282; x_wconf 90' lang='lat' dir='ltr'><strong>loco</strong></span> <span class='ocrx_word' id='word_1_138' title='bbox 977 3216 1037 3281; x_wconf 86' lang='lat' dir='ltr'><strong>sibi</strong></span> <span class='ocrx_word' id='word_1_139' title='bbox 1067 3216 1159 3299; x_wconf 83' lang='lat' dir='ltr'><strong>velit,</strong></span> <span class='ocrx_word' id='word_1_140' title='bbox 1192 3235 1232 3281; x_wconf 87' lang='lat' dir='ltr'><strong>ne</strong></span> <span class='ocrx_word' id='word_1_141' title='bbox 1269 3215 1405 3282; x_wconf 85' lang='lat' dir='ltr'><strong>divinari</strong></span> 
     </span>
     <span class='ocr_line' id='line_1_21' title="bbox 296 3330 1404 3421; baseline 0.001 -25"><span class='ocrx_word' id='word_1_142' title='bbox 296 3330 428 3418; x_wconf 90' lang='lat' dir='ltr'><strong>quidem</strong></span> <span class='ocrx_word' id='word_1_143' title='bbox 448 3331 534 3401; x_wconf 87' lang='lat' dir='ltr'><strong>licet.</strong></span> <span class='ocrx_word' id='word_1_144' title='bbox 575 3332 677 3398; x_wconf 90' lang='lat' dir='ltr'><strong>Recte</strong></span> <span class='ocrx_word' id='word_1_145' title='bbox 698 3333 796 3421; x_wconf 82' lang='lat' dir='ltr'><strong>igitur</strong></span> <span class='ocrx_word' id='word_1_146' title='bbox 817 3340 850 3398; x_wconf 83' lang='lat' dir='ltr'><strong>ot</strong></span> <span class='ocrx_word' id='word_1_147' title='bbox 881 3353 943 3420; x_wconf 82' lang='lat' dir='ltr'><strong>ego</strong></span> <span class='ocrx_word' id='word_1_148' title='bbox 966 3340 999 3400; x_wconf 88' lang='lat' dir='ltr'><strong>et</strong></span> <span class='ocrx_word' id='word_1_149' title='bbox 1018 3333 1117 3398; x_wconf 81' lang='lat' dir='ltr'><strong>lenus</strong></span> <span class='ocrx_word' id='word_1_150' title='bbox 1139 3338 1262 3417; x_wconf 74' lang='lat' dir='ltr'><strong>quidam</strong></span> <span class='ocrx_word' id='word_1_151' title='bbox 1282 3335 1404 3420; x_wconf 84' lang='lat' dir='ltr'><strong>recepi-</strong></span> 
     </span>
     <span class='ocr_line' id='line_1_22' title="bbox 295 3449 1404 3538; baseline 0 -23"><span class='ocrx_word' id='word_1_152' title='bbox 295 3470 386 3534; x_wconf 82' lang='lat' dir='ltr'><strong>mus,</strong></span> <span class='ocrx_word' id='word_1_153' title='bbox 413 3468 497 3536; x_wconf 85' lang='lat' dir='ltr'><strong>quae</strong></span> <span class='ocrx_word' id='word_1_154' title='bbox 517 3469 581 3535; x_wconf 72' lang='lat' dir='ltr'><strong>uox</strong></span> <span class='ocrx_word' id='word_1_155' title='bbox 603 3451 714 3536; x_wconf 88' lang='lat' dir='ltr'><strong>optimi</strong></span> <span class='ocrx_word' id='word_1_156' title='bbox 734 3449 984 3538; x_wconf 82' lang='lat' dir='ltr'><strong>Bambergensis</strong></span> <span class='ocrx_word' id='word_1_157' title='bbox 1012 3457 1046 3516; x_wconf 91' lang='lat' dir='ltr'><strong>et</strong></span> <span class='ocrx_word' id='word_1_158' title='bbox 1072 3450 1228 3516; x_wconf 89' lang='lat' dir='ltr'><strong>bonorum</strong></span> <span class='ocrx_word' id='word_1_159' title='bbox 1249 3450 1404 3516; x_wconf 87' lang='lat' dir='ltr'><strong>librorum</strong></span> 
     </span>
     <span class='ocr_line' id='line_1_23' title="bbox 296 3566 1483 3655; baseline 0 -22"><span class='ocrx_word' id='word_1_160' title='bbox 296 3567 380 3633; x_wconf 86' lang='lat' dir='ltr'><strong>VR</strong></span> <span class='ocrx_word' id='word_1_161' title='bbox 401 3566 598 3632; x_wconf 89' lang='lat' dir='ltr'><strong>doonsensu</strong></span> <span class='ocrx_word' id='word_1_162' title='bbox 620 3568 832 3636; x_wconf 83' lang='lat' dir='ltr'><strong>confirmetur.</strong></span> <span class='ocrx_word' id='word_1_163' title='bbox 854 3569 898 3633; x_wconf 87' lang='lat' dir='ltr'><strong>At</strong></span> <span class='ocrx_word' id='word_1_164' title='bbox 924 3571 1009 3634; x_wconf 88' lang='lat' dir='ltr'><strong>enim</strong></span> <span class='ocrx_word' id='word_1_165' title='bbox 1031 3568 1182 3655; x_wconf 83' lang='lat' dir='ltr'><strong>,quidem‘</strong></span> <span class='ocrx_word' id='word_1_166' title='bbox 1205 3569 1252 3634; x_wconf 84' lang='lat' dir='ltr'><strong>vir</strong></span> <span class='ocrx_word' id='word_1_167' title='bbox 1272 3569 1404 3635; x_wconf 88' lang='lat' dir='ltr'><strong>illustris</strong></span> <span class='ocrx_word' id='word_1_168' title='bbox 1480 3608 1483 3613; x_wconf 92' lang='lat'><em>-</em></span> 
     </span>
     <span class='ocr_line' id='line_1_24' title="bbox 296 3683 1404 3780; baseline 0.003 -30"><span class='ocrx_word' id='word_1_169' title='bbox 296 3685 548 3771; x_wconf 82' lang='lat' dir='ltr'><strong>notissimosque</strong></span> <span class='ocrx_word' id='word_1_170' title='bbox 585 3684 643 3762; x_wconf 83' lang='lat' dir='ltr'><strong>(cl.</strong></span> <span class='ocrx_word' id='word_1_171' title='bbox 669 3683 704 3751; x_wconf 82' lang='grc'><strong>0.</strong></span> <span class='ocrx_word' id='word_1_172' title='bbox 732 3685 833 3752; x_wconf 88' lang='lat' dir='ltr'><strong>Inscr.</strong></span> <span class='ocrx_word' id='word_1_173' title='bbox 863 3684 918 3753; x_wconf 81' lang='lat' dir='ltr'><strong>Gr.</strong></span> <span class='ocrx_word' id='word_1_174' title='bbox 940 3687 1032 3756; x_wconf 80' lang='lat'><strong>4956.</strong></span> <span class='ocrx_word' id='word_1_175' title='bbox 1054 3685 1110 3770; x_wconf 81' lang='lat'><strong>27,</strong></span> <span class='ocrx_word' id='word_1_176' title='bbox 1144 3683 1278 3780; x_wconf 75' lang='lat' dir='ltr'><strong>Hersen</strong></span> <span class='ocrx_word' id='word_1_177' title='bbox 1306 3687 1404 3753; x_wconf 88' lang='lat' dir='ltr'><strong>lnscr.</strong></span> 
     </span>
     <span class='ocr_line' id='line_1_25' title="bbox 295 3801 1404 3891; baseline -0.003 -21"><span class='ocrx_word' id='word_1_178' title='bbox 295 3804 369 3870; x_wconf 80' lang='lat' dir='ltr'><strong>Irat.</strong></span> <span class='ocrx_word' id='word_1_179' title='bbox 391 3802 474 3872; x_wconf 78' lang='lat'>6956</span> <span class='ocrx_word' id='word_1_180' title='bbox 496 3803 533 3889; x_wconf 89' lang='lat' dir='ltr'><strong>a)</strong></span> <span class='ocrx_word' id='word_1_181' title='bbox 559 3823 578 3868; x_wconf 88' lang='lat' dir='ltr'><strong>a</strong></span> <span class='ocrx_word' id='word_1_182' title='bbox 599 3801 704 3869; x_wconf 89' lang='lat' dir='ltr'><strong>Plinio</strong></span> <span class='ocrx_word' id='word_1_183' title='bbox 725 3806 833 3869; x_wconf 83' lang='lat' dir='ltr'><strong>vocari</strong></span> <span class='ocrx_word' id='word_1_184' title='bbox 853 3826 919 3870; x_wconf 93' lang='lat' dir='ltr'><strong>non</strong></span> <span class='ocrx_word' id='word_1_185' title='bbox 940 3806 1053 3891; x_wconf 87' lang='lat' dir='ltr'><strong>potuit.</strong></span> <span class='ocrx_word' id='word_1_186' title='bbox 1086 3803 1193 3870; x_wconf 83' lang='lat' dir='ltr'><strong>Audio</strong></span> <span class='ocrx_word' id='word_1_187' title='bbox 1215 3825 1318 3891; x_wconf 87' lang='lat' dir='ltr'><strong>neque</strong></span> <span class='ocrx_word' id='word_1_188' title='bbox 1339 3803 1404 3869; x_wconf 92' lang='lat' dir='ltr'><strong>Pli-</strong></span> 
     </span>
     <span class='ocr_line' id='line_1_26' title="bbox 295 3920 1404 4010; baseline 0 -24"><span class='ocrx_word' id='word_1_189' title='bbox 295 3922 386 3986; x_wconf 91' lang='lat' dir='ltr'><strong>nium</strong></span> <span class='ocrx_word' id='word_1_190' title='bbox 407 3920 581 4006; x_wconf 81' lang='lat' dir='ltr'><strong>quidquem</strong></span> <span class='ocrx_word' id='word_1_191' title='bbox 605 3920 670 3986; x_wconf 87' lang='lat' dir='ltr'><strong>nisi</strong></span> <span class='ocrx_word' id='word_1_192' title='bbox 691 3921 754 3986; x_wconf 87' lang='lat' dir='ltr'><strong>hoo</strong></span> <span class='ocrx_word' id='word_1_193' title='bbox 776 3922 944 4008; x_wconf 88' lang='lat' dir='ltr'><strong>scripsisse</strong></span> <span class='ocrx_word' id='word_1_194' title='bbox 957 3959 960 3966; x_wconf 42' lang='lat'><strong>⁴</strong></span> <span class='ocrx_word' id='word_1_195' title='bbox 973 3943 1165 4010; x_wconf 86' lang='lat' dir='ltr'><strong>persuasum</strong></span> <span class='ocrx_word' id='word_1_196' title='bbox 1186 3922 1306 3988; x_wconf 74' lang='lat' dir='ltr'><strong>habeo:</strong></span> <span class='ocrx_word' id='word_1_197' title='bbox 1337 3926 1404 3986; x_wconf 86' lang='lat' dir='ltr'><strong>Mc-</strong></span> 
     </span>
     <span class='ocr_line' id='line_1_27' title="bbox 294 4037 1404 4124; baseline -0.002 -18"><span class='ocrx_word' id='word_1_198' title='bbox 294 4043 599 4120; x_wconf 75' lang='lat' dir='ltr'><strong>xtmusproesectcs,</strong></span> <span class='ocrx_word' id='word_1_199' title='bbox 617 4037 658 4103; x_wconf 82' lang='lat' dir='ltr'><strong>cf.</strong></span> <span class='ocrx_word' id='word_1_200' title='bbox 680 4039 771 4106; x_wconf 86' lang='lat' dir='ltr'>XIX.</span> <span class='ocrx_word' id='word_1_201' title='bbox 793 4041 823 4122; x_wconf 84' lang='lat'><strong>3,</strong></span> <span class='ocrx_word' id='word_1_202' title='bbox 846 4040 1090 4124; x_wconf 76' lang='lat' dir='ltr'><strong>grammaticum</strong></span> <span class='ocrx_word' id='word_1_203' title='bbox 1112 4047 1219 4108; x_wconf 86' lang='lat' dir='ltr'><strong>eutem</strong></span> <span class='ocrx_word' id='word_1_204' title='bbox 1241 4040 1341 4124; x_wconf 85' lang='lat' dir='ltr'><strong>illum,</strong></span> <span class='ocrx_word' id='word_1_205' title='bbox 1363 4040 1404 4105; x_wconf 92' lang='lat' dir='ltr'><strong>de</strong></span> 
     </span>
     <span class='ocr_line' id='line_1_28' title="bbox 295 4157 1403 4246; baseline 0.004 -26"><span class='ocrx_word' id='word_1_206' title='bbox 295 4177 361 4244; x_wconf 88' lang='lat' dir='ltr'><strong>quo</strong></span> <span class='ocrx_word' id='word_1_207' title='bbox 383 4157 512 4242; x_wconf 86' lang='lat' dir='ltr'><strong>saepius</strong></span> <span class='ocrx_word' id='word_1_208' title='bbox 533 4178 586 4222; x_wconf 88' lang='lat' dir='ltr'><strong>me</strong></span> <span class='ocrx_word' id='word_1_209' title='bbox 612 4157 700 4242; x_wconf 90' lang='lat' dir='ltr'><strong>loqui</strong></span> <span class='ocrx_word' id='word_1_210' title='bbox 728 4158 877 4240; x_wconf 88' lang='lat' dir='ltr'><strong>memini,</strong></span> <span class='ocrx_word' id='word_1_211' title='bbox 911 4179 976 4244; x_wconf 85' lang='lat' dir='ltr'><strong>que</strong></span> <span class='ocrx_word' id='word_1_212' title='bbox 1008 4157 1151 4246; x_wconf 78' lang='lat' dir='ltr'><strong>pollebat</strong></span> <span class='ocrx_word' id='word_1_213' title='bbox 1178 4158 1339 4242; x_wconf 81' lang='lat' dir='ltr'><strong>doctrina,</strong></span> <span class='ocrx_word' id='word_1_214' title='bbox 1370 4159 1403 4223; x_wconf 91' lang='lat' dir='ltr'><strong>in</strong></span> 
     </span>
     <span class='ocr_line' id='line_1_29' title="bbox 294 4275 1160 4364; baseline 0.008 -26"><span class='ocrx_word' id='word_1_215' title='bbox 294 4275 441 4360; x_wconf 81' lang='lat' dir='ltr'><strong>margine</strong></span> <span class='ocrx_word' id='word_1_216' title='bbox 463 4283 652 4341; x_wconf 83' lang='lat' dir='ltr'><strong>annotasse:</strong></span> <span class='ocrx_word' id='word_1_217' title='bbox 681 4282 804 4355; x_wconf 78' lang='lat' dir='ltr'><strong>quidum</strong></span> <span class='ocrx_word' id='word_1_218' title='bbox 823 4281 1000 4357; x_wconf 76' lang='lat' dir='ltr'><strong>praefectus</strong></span> <span class='ocrx_word' id='word_1_219' title='bbox 1022 4285 1160 4364; x_wconf 64' lang='lat' dir='ltr'><strong>decepti.</strong></span> 
     </span>
    </p>
   </div>
   <div class='ocr_carea' id='block_1_6' title="bbox 341 4435 1486 4804">
    <p class='ocr_par' dir='ltr' id='par_1_9' title="bbox 341 4435 1486 4804">
     <span class='ocr_line' id='line_1_30' title="bbox 566 4435 1486 4536; baseline 0.022 -28"><span class='ocrx_word' id='word_1_220' title='bbox 566 4436 811 4526; x_wconf 80' lang='lat' dir='ltr'><strong>-nc=1s‚23.</strong></span> <span class='ocrx_word' id='word_1_221' title='bbox 851 4436 920 4528; x_wconf 73' lang='lat' dir='ltr'><strong>lde</strong></span> <span class='ocrx_word' id='word_1_222' title='bbox 948 4435 1120 4536; x_wconf 78' lang='lat' dir='ltr'><strong>Cyzico).</strong></span> <span class='ocrx_word' id='word_1_223' title='bbox 1424 4458 1486 4528; x_wconf 81' lang='lat'><strong>793</strong></span> 
     </span>
     <span class='ocr_line' id='line_1_31' title="bbox 347 4568 1403 4673; baseline 0.005 -27"><span class='ocrx_word' id='word_1_224' title='bbox 347 4568 491 4647; x_wconf 84' lang='lat' dir='ltr'><strong>llodem</strong></span> <span class='ocrx_word' id='word_1_225' title='bbox 515 4568 553 4645; x_wconf 90' lang='lat' dir='ltr'><strong>in</strong></span> <span class='ocrx_word' id='word_1_226' title='bbox 579 4568 719 4671; x_wconf 89' lang='lat' dir='ltr'><strong>oppido</strong></span> <span class='ocrx_word' id='word_1_227' title='bbox 756 4576 813 4647; x_wconf 90' lang='lat' dir='ltr'><strong>est</strong></span> <span class='ocrx_word' id='word_1_228' title='bbox 838 4568 934 4670; x_wconf 86' lang='lat' dir='ltr'><strong>lapis</strong></span> <span class='ocrx_word' id='word_1_229' title='bbox 971 4570 1159 4670; x_wconf 75' lang='lat' dir='ltr'><strong>fugitivus¹</strong></span> <span class='ocrx_word' id='word_1_230' title='bbox 1177 4570 1403 4673; x_wconf 80' lang='lat' dir='ltr'><strong>appellatus3</strong></span> 
     </span>
     <span class='ocr_line' id='line_1_32' title="bbox 341 4703 1335 4804; baseline 0.004 -26"><span class='ocrx_word' id='word_1_231' title='bbox 341 4703 585 4801; x_wconf 81' lang='lat' dir='ltr'><strong>Argonautae</strong></span> <span class='ocrx_word' id='word_1_232' title='bbox 611 4723 657 4780; x_wconf 87' lang='lat' dir='ltr'><strong>eo</strong></span> <span class='ocrx_word' id='word_1_233' title='bbox 686 4725 752 4802; x_wconf 90' lang='lat' dir='ltr'><strong>pro</strong></span> <span class='ocrx_word' id='word_1_234' title='bbox 779 4724 916 4781; x_wconf 87' lang='lat' dir='ltr'><strong>ancora</strong></span> <span class='ocrx_word' id='word_1_235' title='bbox 941 4703 999 4781; x_wconf 93' lang='lat' dir='ltr'><strong>usi</strong></span> <span class='ocrx_word' id='word_1_236' title='bbox 1024 4704 1248 4804; x_wconf 84' lang='lat' dir='ltr'><strong>reliquerant</strong></span> <span class='ocrx_word' id='word_1_237' title='bbox 1272 4707 1335 4786; x_wconf 90' lang='lat' dir='ltr'><strong>ibi.</strong></span> 
     </span>
    </p>
   </div>
   <div class='ocr_carea' id='block_1_7' title="bbox 0 0 1854 5625">
    <p class='ocr_par' dir='ltr' id='par_1_10' title="bbox 0 0 1854 5625">
     <span class='ocr_line' id='line_1_33' title="bbox 0 0 1854 5625; baseline 0 1"><span class='ocrx_word' id='word_1_238' title='bbox 0 0 1854 5625; x_wconf 95' lang='lat' dir='ltr'><strong> </strong></span> 
     </span>
    </p>
   </div>
  </div>
 </body>
</html>
