3700 5625
715 755 805 822 uter
824 755 918 821 m.

699 956 748 1030 30
773 974 816 1008 =
843 955 938 1042 o‚1o.

314 1084 545 1165 simillimum
573 1085 606 1162 ei
634 1085 862 1163 combretum
887 1081 1110 1185 appellatur,

273 1219 349 1306 quod
370 1225 505 1282 mentum
533 1214 761 1304 appellandum
784 1221 868 1298 erat,
895 1221 1055 1303 βρενθίου
1078 1215 1162 1279 enim
1183 1211 1370 1279 Athenaeus
1437 1307 1440 1314 1

272 1335 334 1400 XV.
355 1335 419 1404 690
439 1334 635 1400 mentionem
656 1334 741 1399 feeit.
784 1332 913 1400 Scribe:
946 1338 1205 1414 adcurrentem.

313 1453 407 1531 haee
434 1460 521 1530 sunt
544 1459 703 1545 tantum3

347 1587 436 1652 Inter
450 1584 608 1650 voeabula
628 1597 697 1648 eunt
717 1591 750 1649 et
771 1595 885 1648 tanam
905 1585 1031 1650 litterae
1053 1584 1225 1650 nonnullae
1243 1587 1373 1670 propter

274 1703 508 1770 similitudinem
529 1701 731 1785 assiderunt,
767 1702 882 1790 quibus
902 1703 1059 1768 restitutis
1083 1699 1286 1768 seribendum
1308 1705 1371 1765 est:

265 1883 268 1887 .
307 1826 473 1888 uocem
494 1830 786 1900 enumerantem.

503 1957 507 1968 ¹
581 1943 797 2030 ao=r,1a
820 1940 1055 2034 leemosi
1396 1905 1457 1977 4⁶2

319 2070 535 2148 Acerrimas
560 2078 682 2148 tameo
710 2072 805 2150 odor
829 2070 993 2150 omnium
1018 2079 1159 2150 aestate
1185 2067 1318 2147 medie.
1407 2127 1411 2136 ,

349 2205 426 2268 Post
448 2203 591 2270 novellas
613 2209 819 2291 venmtasqne
840 2222 931 2270 rosas
947 2197 1012 2270 nen
1029 2209 1197 2286 aestatem,
1220 2201 1276 2268 sed
1288 2205 1377 2265 aeta·

276 2327 334 2384 tem
360 2319 501 2385 mediam
536 2324 797 2387 oommemoravit
817 2323 968 2416 Plinius;x
990 2321 1075 2411 quod
1097 2321 1181 2403 Sill,
1214 2322 1241 2386 si
1273 2319 1375 2384 Theo-

276 2437 390 2522 phrasti
423 2458 520 2522 quem
551 2438 663 2504 laudm
693 2440 798 2505 looum
829 2461 920 2519 esua
948 2440 990 2527 pl.
1024 2439 1079 2503 VI.
1104 2439 1145 2507 17
1161 2439 1377 2525 perlegisset,

277 2555 475 2620 hauddubie
501 2555 721 2634 intellexisset
764 2553 803 2624 ἐν
832 2566 905 2636 ταῖς
932 2555 1052 2642 ἀκμαῖς
1078 2555 1287 2642 εὐοσμότατα
1321 2575 1377 2641 ap·
1445 2571 1451 2579 ·

278 2672 427 2757 pelantur
448 2674 477 2757 ἕ.
498 2673 528 2740 3.

1393 1411 1453 1478 451

713 2727 952 2851 ar=r,1s.'
1398 2757 1461 2832 roa

322 2931 369 2945 -
404 2930 453 2993 7
495 2895 535 2963 ut
574 2889 733 2969 buceros
776 2894 878 2991 quod
916 2899 975 2970 est
1015 2892 1140 2970 lenum
1183 2881 1376 2969 Grae'oum.

322 3020 464 3097 Aeolus
505 3021 599 3100 odor
638 3046 712 3102 non
751 3025 916 3101 omnium
953 3025 1033 3102 sine
1073 3046 1164 3102 suco
1205 3031 1284 3112 est,
1338 3028 1379 3097 ut

324 3151 461 3244 violae,
487 3174 614 3245 rosae,
643 3177 772 3251 crooo;
800 3180 896 3257 quae
922 3181 1012 3236 vero
1041 3155 1225 3235 exacutis
1251 3160 1384 3231 carent·

214 3278 220 3285 ’
324 3307 413 3362 suoo
440 3283 507 3364 rel

355 3417 623 3482 Emendationem
644 3418 739 3485 huius
762 3423 942 3489 sententiae
963 3425 1061 3489 Ianus
1082 3414 1269 3516 inchoavit,'
1293 3417 1379 3483 eodi-

285 3534 362 3600 oibus
383 3541 416 3599 et
437 3532 652 3622 Theophrasti
673 3538 743 3602 loeo
767 3560 854 3603 aeus.
877 3541 918 3625 pl.
939 3540 996 3605 VI.
1019 3543 1060 3607 14
1081 3523 1263 3627 diligentius
1290 3557 1378 3601 usus.

285 3649 373 3717 Reate
393 3652 479 3716 enim
511 3672 576 3717 non
599 3652 639 3718 de
661 3656 763 3720 mutis
791 3656 849 3722 sed
871 3657 912 3722 de
943 3659 1068 3745 aquatis
1090 3658 1220 3755 floribus
1241 3656 1379 3719 Plinium

287 3761 360 3853 loqui
381 3766 616 3861 animadvertit.
659 3771 781 3838 Tamen
811 3781 946 3861 uterque
976 3775 1080 3841 editor
1107 3773 1264 3861 quaedam
1287 3792 1379 3859 prae·

288 3886 424 3968 termisit,
462 3887 541 3953 satis
569 3887 702 3955 inventu
735 3891 791 3957 illa
813 3892 942 3979 quidem
969 3892 1084 3959 laoilia.
1125 3892 1272 3977 Namque
1294 3888 1379 3976 quod

289 3999 478 4071 lxlv.184
505 4008 634 4069 butem
662 4008 860 4093 nominatur,
899 4032 919 4074 a
941 4010 1162 4092 Theophrasto
1186 4011 1213 4093 §-
1241 4008 1278 4074 10
1302 4002 1380 4089 soi·
1479 4044 1484 4049 ·

291 4142 389 4206 repar,
409 4121 462 4186 hio
483 4140 609 4206 quoque
629 4126 816 4191 restituatur
834 4135 970 4214 oportet.
993 4128 1119 4193 Deinde
1142 4125 1298 4193 voeabula
1319 4144 1380 4188 noa
1425 4162 1428 4169 v

293 4243 402 4302 omnium
422 4244 486 4303 eine
514 4258 588 4304 atreo
611 4242 765 4325 proximis
794 4266 872 4323 quae
892 4259 1092 4312 carentanos
1122 4244 1280 4312 senueris
1307 4262 1381 4306 esse

295 4363 423 4439 apparel:
449 4355 557 4441 itaque
575 4360 823 4444 transpositione
844 4365 1034 4451 corrigenda
1057 4370 1139 4428 sunt.
1163 4358 1305 4429 Oasuum
1327 4381 1380 4426 va·

295 4468 389 4536 rietste
409 4472 606 4557 deleatatus,
629 4478 665 4541 rit
685 4478 779 4563 solet,
800 4481 923 4574 Plinius
947 4482 1087 4568 scripsit:

329 4612 353 4654 a.
373 4596 496 4659 rece-as
517 4611 545 4669 a·
567 4610 593 4655 e·
618 4595 643 4670 s.
665 4614 695 4673 a.
719 4603 845 4677 Aquario
872 4606 952 4665 odae
973 4606 1099 4665 omnium
1127 4621 1186 4665 aon
1217 4604 1281 4663 sine
1307 4616 1380 4661 saco

332 4720 377 4790 m,
396 4732 423 4774 a.
444 4730 470 4772 o.
493 4728 520 4770 r.
543 4737 579 4781 c..
592 4738 620 4796 q.
642 4738 670 4781 v.
691 4735 717 4780 e.
739 4724 862 4797 equata
881 4739 908 4785 c.
930 4741 955 4785 r.
