3700 5625
926 584 1027 653 near
1044 587 1102 655 11.

877 771 1153 868 2⁰2=87,89.

512 942 644 1019 Clarae
671 940 744 1016 iam
774 940 921 1041 pridem
948 942 1090 1019 insulae
1115 940 1233 1017 Delos
1260 950 1298 1015 el
1318 920 1472 1017 Rhodos
1496 967 1572 1017 me-

409 1168 414 1177 ·
511 1078 652 1155 moriae
676 1076 885 1177 produntur
905 1087 1048 1153 enatae.
1099 1078 1239 1153 Postea
1263 1076 1445 1173 minore,
1475 1079 1575 1153 ultra

510 1215 637 1291 Melon
664 1214 842 1315 Anaphe,
875 1215 972 1291 inter
998 1214 1182 1291 Lemnum
1212 1221 1251 1289 et
1276 1190 1573 1312 'Hellespontum

512 1350 629 1444 Noae,
651 1347 750 1426 inter
771 1351 966 1428 Lebedum
992 1360 1030 1427 et
1056 1351 1165 1427 'leon
1187 1350 1349 1444 Halone,
1374 1348 1472 1425 inler
1495 1348 1573 1449 Gy·

512 1486 635 1565 eladae
652 1486 1139 1587 olympiadisGXXXV.
1155 1511 1264 1563 anno
1278 1485 1575 1587 quarto'fbera

468 1648 472 1656 ·
511 1636 548 1699 et
574 1620 777 1718 Therasia,
809 1621 908 1698 inter
933 1622 1083 1697 easdem
1109 1632 1215 1723 post
1240 1646 1382 1699 annos
1406 1620 1573 1697 CXXX

509 1760 632 1838 Hiera
646 1757 1056 1858 eademqueAutomale
1083 1768 1121 1835 et
1139 1760 1185 1835 ab
1208 1782 1253 1835 ea
1279 1757 1422 1835 duobus
1440 1755 1572 1835 stadiis

507 1907 597 1998 post
616 1920 732 1973 annos
753 1895 830 1973 CX
854 1895 894 1971 in
917 1904 1046 1973 nostro
1069 1920 1160 1975 aevo
1183 1896 1238 1973 Μ.
1252 1892 1361 1973 Iunio
1377 1893 1502 1970 Silano
1522 1892 1572 1970 L.

507 2033 651 2112 Balbo
675 2057 793 2111 coss.
817 2057 852 2108 a.
876 2033 914 2111 d.
943 2034 1052 2111 VIII.
1078 2033 1163 2112 idus
1190 2033 1304 2111 Iulios
1332 2030 1443 2110 Thia.

540 2202 675 2269 Nullum
690 2199 725 2267 in
739 2213 811 2269 toto
822 2202 973 2270 Pliniano
987 2224 1091 2291 opere
1104 2203 1213 2271 loeum
1232 2212 1350 2270 nostro
1360 2198 1502 2266 »foedius
1512 2197 1572 2263 de.

417 2334 421 2339 ·
457 2331 633 2406 provatum
652 2319 954 2409 interpolatumque
970 2324 1120 2409 dixerim,
1141 2344 1207 2410 quo
1233 2333 1267 2388 et
1287 2322 1431 2387 omnium
1452 2328 1571 2386 aueto-

456 2460 530 2506 rum
556 2438 590 2503 in
615 2459 653 2504 re
674 2438 875 2524 gravissima
902 2440 1085 2508 consensui
1107 2452 1140 2507 et
1167 2442 1230 2508 sibi
1255 2442 1330 2526 ipse
1357 2440 1570 2506 librariorum

457 2576 788 2659 errore'repngnare
811 2558 976 2628 videatur.
1026 2560 1126 2635 Quod
1153 2561 1218 2626 iam
1241 2580 1263 2625 a
1284 2558 1394 2625 Petito
1417 2559 1571 2624 animad-

454 2695 591 2743 versum
613 2695 692 2743 esse
714 2676 881 2764 eSilligio
904 2675 1018 2758 didici,
1043 2690 1192 2746 ceterum
1215 2680 1294 2767 quid
1315 2676 1369 2743 ille
1392 2676 1528 2743 Obss.l.
1540 2676 1568 2744 1.

455 2818 488 2881 p.
501 2794 532 2864 9.
552 2797 743 2862 mutandum
766 2796 954 2876 censuerit,
983 2796 1040 2864 bie
1065 2808 1230 2866 terrerum
1254 2798 1457 2884 investigare
1489 2795 1569 2862 mihi

454 2935 523 2982 non
544 2913 642 2985 licuit.
685 2917 830 2983 Primum
852 2918 969 3004 eequis
986 2916 1090 2984 fando
1106 2917 1248 2997 audivit,
1275 2918 1512 2984 nobilissimam
1532 2927 1569 2983 et

453 3035 717 3124 antiquissimam
736 3036 881 3102 insulam
892 3035 1039 3104 Theram
1061 3039 1191 3105 recenti
1212 3045 1324 3104 aelate
1346 3055 1365 3106 e
1385 3037 1470 3103 *mari
1488 3055 1565 3120 pro·

454 3152 571 3235 diisse,
595 3153 716 3222 deinde
737 3157 813 3244 quis
834 3177 980 3244 uuquam
1002 3159 1132 3237 credat,
1150 3177 1223 3224 rem
1240 3153 1339 3244 quam
1355 3157 1429 3242 ipse
1440 3151 1566 3220 Plinius
1662 3177 1665 3186 ·

452 3295 538 3342 aevo
560 3295 624 3342 suo
647 3275 815 3343 accidisse
836 3251 964 3360 narrat,
988 3277 1031 3342 ad
1052 3275 1173 3343 falsum
1197 3292 1320 3344 annum
1342 3273 1485 3342 referri?
1520 3273 1568 3339 Ut

453 3393 539 3460 enim
560 3393 638 3458 hinc
658 3395 785 3460 initium
811 3395 1001 3481 disputandi
1025 3395 1100 3480 fiat,
1127 3416 1234 3481 prope
1256 3393 1401 3461 Theram
1424 3395 1567 3463 eandem

451 3511 605 3589 insulam,
627 3530 725 3597 quam
740 3509 864 3578 Plinius
873 3511 991 3577 Tblam
1012 3514 1173 3598 appellat,
1192 3515 1446 3599 „spectantibus
1466 3513 1566 3580 nobis

452 3630 486 3695 iu
508 3628 648 3714 Aegaeo
669 3628 752 3695 mari
775 3631 932 3696 enatem“
952 3631 1087 3697 Seneca
1105 3633 1183 3698 Nat.
1199 3633 1384 3708 ouva-ar.
1404 3644 1437 3700 et
1458 3631 1496 3698 ll.
1512 3629 1566 3698 26.

452 3758 708 3829 commemorat,
734 3769 852 3816 verum
873 3748 1012 3816 Valerio
1033 3749 1186 3819 Asiatico
1213 3751 1331 3818 iterum
1364 3749 1503 3818 conside
1530 3751 1565 3816 id

451 3845 623 3936 aooidisse
642 3879 767 3936 narrat.
807 3867 873 3945 Qui
893 3890 981 3957 anno
998 3889 1031 3940 a.
1044 3891 1075 3937 u.
1090 3892 1120 3937 e.
1134 3870 1339 3938 DOOXClX.
1364 3877 1453 3949 (uter
1475 3870 1563 3934 enim

452 3985 665 4056 Varroniano
692 4010 774 4055 aera
799 3987 918 4054 eadem
951 4008 1018 4076 qno
1048 3989 1190 4070 Plinius)
1217 3991 1290 4057 sive
1316 4013 1348 4076 p.
1364 3987 1443 4056 Chr.
1458 4009 1493 4058 u.
1505 3987 1561 4054 46.

451 4109 570 4174 iterum
595 4110 714 4175 consul
737 4108 799 4175 luit
825 4108 958 4193 collega
979 4107 1027 4173 M.
1046 4109 1139 4175 Iunio
1163 4107 1297 4191 Silano,
1325 4129 1422 4198 quem
1443 4115 1564 4176 nostro

451 4246 584 4313 quoque
604 4203 681 4293 loeo
702 4227 865 4293 nominari
886 4225 1049 4294 videmus.
1077 4227 1291 4297 Manifestum
1307 4239 1360 4298 est
1372 4230 1564 4317 igitureun·

453 4345 529 4411 dem
550 4365 673 4412 aunum
692 4345 884 4432 significari.
932 4345 1019 4412 Nam
1044 4349 1133 4434 quod
1157 4347 1256 4435 vulgo
1278 4349 1411 4416 eddllur
1431 4347 1471 4414 L.
1485 4347 1563 4414 Bal·

450 4464 529 4548 bns,
548 4463 744 4531 idllarbari
767 4465 965 4534 oonieotnra
984 4464 1111 4554 laetum
1133 4471 1350 4554 estprorsus
1371 4468 1561 4536 temeraria.

450 4581 526 4650 Fuit
552 4583 685 4671 quidem
708 4583 746 4653 L.
767 4583 951 4655 Norbanus
973 4585 1098 4659 Balbus
1120 4586 1165 4656 m
1183 4587 1268 4654 lunii
1288 4586 1395 4670 Silani
1420 4588 1454 4654 ln
1479 4607 1564 4656 oon-
