<?xml version="1.0" encoding="UTF-8"?>
<!DOCTYPE html PUBLIC "-//W3C//DTD XHTML 1.0 Transitional//EN"
    "http://www.w3.org/TR/xhtml1/DTD/xhtml1-transitional.dtd">
<html xmlns="http://www.w3.org/1999/xhtml" xml:lang="en" lang="en">
 <head>
  <title>
</title>
<meta http-equiv="Content-Type" content="text/html;charset=utf-8" />
  <meta name='ocr-system' content='tesseract 3.04.00' />
  <meta name='ocr-capabilities' content='ocr_page ocr_carea ocr_par ocr_line ocrx_word'/>
</head>
<body>
  <div class='ocr_page' id='page_1' title='image "./vindiciaeplinia01urligoog_0227.png"; bbox 0 0 3700 5625; ppageno 0'>
   <div class='ocr_carea' id='block_1_1' title="bbox 688 713 1510 825">
    <p class='ocr_par' dir='ltr' id='par_1_1' title="bbox 688 713 1510 825">
     <span class='ocr_line' id='line_1_1' title="bbox 688 713 1510 825; baseline -0.001 -1"><span class='ocrx_word' id='word_1_1' title='bbox 688 780 690 787; x_wconf 95' lang='lat'>·</span> <span class='ocrx_word' id='word_1_2' title='bbox 730 755 820 825; x_wconf 72' lang='lat' dir='ltr'>rae</span> <span class='ocrx_word' id='word_1_3' title='bbox 841 761 930 825; x_wconf 78' lang='lat' dir='ltr'>rm.</span> <span class='ocrx_word' id='word_1_4' title='bbox 1338 751 1377 825; x_wconf 84' lang='lat'>21</span> <span class='ocrx_word' id='word_1_5' title='bbox 1505 713 1510 720; x_wconf 60' lang='grc'><em>’</em></span> 
     </span>
    </p>
   </div>
   <div class='ocr_carea' id='block_1_2' title="bbox 285 952 1380 1507">
    <p class='ocr_par' dir='ltr' id='par_1_2' title="bbox 285 952 1380 1276">
     <span class='ocr_line' id='line_1_2' title="bbox 356 952 1380 1038; baseline -0.001 -21"><span class='ocrx_word' id='word_1_6' title='bbox 356 952 556 1019; x_wconf 78' lang='lat' dir='ltr'>Vocabulum</span> <span class='ocrx_word' id='word_1_7' title='bbox 573 961 692 1035; x_wconf 80' lang='lat' dir='ltr'>proelio</span> <span class='ocrx_word' id='word_1_8' title='bbox 714 975 796 1020; x_wconf 91' lang='lat' dir='ltr'>unus</span> <span class='ocrx_word' id='word_1_9' title='bbox 819 955 866 1035; x_wconf 55' lang='lat' dir='ltr'>D?</span> <span class='ocrx_word' id='word_1_10' title='bbox 889 954 1044 1037; x_wconf 84' lang='lat' dir='ltr'>serravit,</span> <span class='ocrx_word' id='word_1_11' title='bbox 1072 952 1194 1038; x_wconf 89' lang='lat' dir='ltr'>reliqua</span> <span class='ocrx_word' id='word_1_12' title='bbox 1215 953 1248 1016; x_wconf 91' lang='lat' dir='ltr'>in</span> <span class='ocrx_word' id='word_1_13' title='bbox 1282 972 1380 1017; x_wconf 91' lang='lat' dir='ltr'>mem·</span> 
     </span>
     <span class='ocr_line' id='line_1_3' title="bbox 286 1070 1380 1154; baseline 0 -18"><span class='ocrx_word' id='word_1_14' title='bbox 286 1070 381 1136; x_wconf 86' lang='lat' dir='ltr'>branis</span> <span class='ocrx_word' id='word_1_15' title='bbox 401 1072 435 1135; x_wconf 93' lang='lat' dir='ltr'>in</span> <span class='ocrx_word' id='word_1_16' title='bbox 456 1095 486 1136; x_wconf 89' lang='lat' dir='ltr'>v.</span> <span class='ocrx_word' id='word_1_17' title='bbox 507 1095 600 1154; x_wconf 80' lang='lat' dir='ltr'><em>saepe</em></span> <span class='ocrx_word' id='word_1_18' title='bbox 621 1080 785 1139; x_wconf 88' lang='lat' dir='ltr'>contracta</span> <span class='ocrx_word' id='word_1_19' title='bbox 806 1074 984 1139; x_wconf 85' lang='lat' dir='ltr'>certissima</span> <span class='ocrx_word' id='word_1_20' title='bbox 1003 1070 1226 1137; x_wconf 77' lang='lat' dir='ltr'>emendatione</span> <span class='ocrx_word' id='word_1_21' title='bbox 1244 1071 1380 1136; x_wconf 80' lang='lat' dir='ltr'>eThao·</span> 
     </span>
     <span class='ocr_line' id='line_1_4' title="bbox 285 1174 631 1276; baseline 0.006 -23"><span class='ocrx_word' id='word_1_22' title='bbox 285 1189 403 1274; x_wconf 89' lang='lat' dir='ltr'>phrasto</span> <span class='ocrx_word' id='word_1_23' title='bbox 425 1174 631 1276; x_wconf 74' lang='lat' dir='ltr'>supplentur:</span> 
     </span>
    </p>

    <p class='ocr_par' dir='ltr' id='par_1_3' title="bbox 315 1312 1379 1507">
     <span class='ocr_line' id='line_1_5' title="bbox 315 1312 1379 1390; baseline 0.003 -20"><span class='ocrx_word' id='word_1_24' title='bbox 315 1314 426 1387; x_wconf 75' lang='lat' dir='ltr'>proelio</span> <span class='ocrx_word' id='word_1_25' title='bbox 463 1318 493 1371; x_wconf 84' lang='lat' dir='ltr'>et</span> <span class='ocrx_word' id='word_1_26' title='bbox 513 1329 593 1388; x_wconf 78' lang='lat' dir='ltr'>quae</span> <span class='ocrx_word' id='word_1_27' title='bbox 619 1314 707 1373; x_wconf 84' lang='lat' dir='ltr'>oxeio</span> <span class='ocrx_word' id='word_1_28' title='bbox 735 1330 840 1390; x_wconf 85' lang='lat' dir='ltr'>campe</span> <span class='ocrx_word' id='word_1_29' title='bbox 866 1329 965 1390; x_wconf 82' lang='lat' dir='ltr'>prope</span> <span class='ocrx_word' id='word_1_30' title='bbox 993 1312 1157 1373; x_wconf 79' lang='lat' dir='ltr'>Lebadiam</span> <span class='ocrx_word' id='word_1_31' title='bbox 1186 1317 1315 1372; x_wconf 83' lang='lat' dir='ltr'>vocatur</span> <span class='ocrx_word' id='word_1_32' title='bbox 1336 1313 1379 1373; x_wconf 81' lang='lat' dir='ltr'>irr-</span> 
     </span>
     <span class='ocr_line' id='line_1_6' title="bbox 317 1430 578 1507; baseline -0.004 -17"><span class='ocrx_word' id='word_1_33' title='bbox 317 1432 421 1503; x_wconf 77' lang='lat' dir='ltr'>fluente</span> <span class='ocrx_word' id='word_1_34' title='bbox 444 1430 578 1507; x_wconf 76' lang='lat' dir='ltr'>Cephiso.</span> 
     </span>
    </p>
   </div>
   <div class='ocr_carea' id='block_1_3' title="bbox 633 1493 1432 1656">
    <p class='ocr_par' dir='ltr' id='par_1_4' title="bbox 633 1493 1432 1656">
     <span class='ocr_line' id='line_1_7' title="bbox 633 1493 1432 1656; baseline 0.006 -35"><span class='ocrx_word' id='word_1_35' title='bbox 633 1548 715 1622; x_wconf 80' lang='lat' dir='ltr'>roe.</span> <span class='ocrx_word' id='word_1_36' title='bbox 747 1493 1016 1637; x_wconf 64' lang='lat' dir='ltr'>rso-:seon</span> <span class='ocrx_word' id='word_1_37' title='bbox 1429 1650 1432 1656; x_wconf 12' lang='lat' dir='ltr'>y</span> 
     </span>
    </p>
   </div>
   <div class='ocr_carea' id='block_1_4' title="bbox 285 1661 1461 1858">
    <p class='ocr_par' dir='ltr' id='par_1_5' title="bbox 285 1661 1461 1858">
     <span class='ocr_line' id='line_1_8' title="bbox 354 1661 1461 1794; baseline 0.002 -54"><span class='ocrx_word' id='word_1_38' title='bbox 354 1675 401 1741; x_wconf 90' lang='lat' dir='ltr'>Ne</span> <span class='ocrx_word' id='word_1_39' title='bbox 429 1696 470 1741; x_wconf 86' lang='lat' dir='ltr'>ea</span> <span class='ocrx_word' id='word_1_40' title='bbox 492 1675 622 1763; x_wconf 90' lang='lat' dir='ltr'>quidem</span> <span class='ocrx_word' id='word_1_41' title='bbox 650 1697 732 1764; x_wconf 90' lang='lat' dir='ltr'>quae</span> <span class='ocrx_word' id='word_1_42' title='bbox 755 1661 901 1762; x_wconf 84' lang='lat' dir='ltr'>proxime</span> <span class='ocrx_word' id='word_1_43' title='bbox 929 1683 1121 1765; x_wconf 86' lang='lat' dir='ltr'>sequuntur,</span> <span class='ocrx_word' id='word_1_44' title='bbox 1157 1683 1244 1743; x_wconf 87' lang='lat' dir='ltr'>recta</span> <span class='ocrx_word' id='word_1_45' title='bbox 1280 1676 1377 1761; x_wconf 78' lang='lat' dir='ltr'>vulgo</span> <span class='ocrx_word' id='word_1_46' title='bbox 1398 1722 1461 1794; x_wconf 65' lang='lat'>234</span> 
     </span>
     <span class='ocr_line' id='line_1_9' title="bbox 285 1791 492 1858; baseline 0.019 -4"><span class='ocrx_word' id='word_1_47' title='bbox 285 1791 324 1856; x_wconf 87' lang='lat' dir='ltr'>sic</span> <span class='ocrx_word' id='word_1_48' title='bbox 343 1792 492 1858; x_wconf 86' lang='lat' dir='ltr'>eduntur:</span> 
     </span>
    </p>
   </div>
   <div class='ocr_carea' id='block_1_5' title="bbox 207 1909 1470 2553">
    <p class='ocr_par' dir='ltr' id='par_1_6' title="bbox 207 1909 1470 2553">
     <span class='ocr_line' id='line_1_10' title="bbox 324 1909 1470 2023; baseline -0.003 -37"><span class='ocrx_word' id='word_1_49' title='bbox 324 1909 410 1987; x_wconf 87' lang='lat' dir='ltr'>Cum</span> <span class='ocrx_word' id='word_1_50' title='bbox 435 1911 549 2023; x_wconf 84' lang='lat' dir='ltr'>igitur</span> <span class='ocrx_word' id='word_1_51' title='bbox 575 1937 671 1991; x_wconf 90' lang='lat' dir='ltr'>anno</span> <span class='ocrx_word' id='word_1_52' title='bbox 698 1915 900 2014; x_wconf 86' lang='lat' dir='ltr'>permansit</span> <span class='ocrx_word' id='word_1_53' title='bbox 935 1913 1143 2004; x_wconf 86' lang='lat' dir='ltr'>inundatio,</span> <span class='ocrx_word' id='word_1_54' title='bbox 1182 1912 1379 2014; x_wconf 86' lang='lat' dir='ltr'>proliciunt</span> <span class='ocrx_word' id='word_1_55' title='bbox 1466 1973 1470 1982; x_wconf 76' lang='grc'>,</span> 
     </span>
     <span class='ocr_line' id='line_1_11' title="bbox 324 2042 1379 2147; baseline 0.004 -29"><span class='ocrx_word' id='word_1_56' title='bbox 324 2042 358 2137; x_wconf 77' lang='lat' dir='ltr'>in</span> <span class='ocrx_word' id='word_1_57' title='bbox 382 2047 658 2146; x_wconf 78' lang='lat' dir='ltr'>aucupatoriam</span> <span class='ocrx_word' id='word_1_58' title='bbox 694 2070 845 2147; x_wconf 92' lang='lat' dir='ltr'>quoque</span> <span class='ocrx_word' id='word_1_59' title='bbox 869 2047 1164 2147; x_wconf 80' lang='lat' dir='ltr'>amplitudinem3</span> <span class='ocrx_word' id='word_1_60' title='bbox 1190 2046 1379 2124; x_wconf 89' lang='lat' dir='ltr'>vocaban-</span> 
     </span>
     <span class='ocr_line' id='line_1_12' title="bbox 323 2178 1378 2279; baseline 0.003 -28"><span class='ocrx_word' id='word_1_61' title='bbox 323 2183 377 2251; x_wconf 86' lang='lat' dir='ltr'>tur</span> <span class='ocrx_word' id='word_1_62' title='bbox 401 2178 583 2276; x_wconf 85' lang='lat' dir='ltr'>zeugitae.</span> <span class='ocrx_word' id='word_1_63' title='bbox 621 2178 755 2257; x_wconf 81' lang='lat' dir='ltr'>Contra</span> <span class='ocrx_word' id='word_1_64' title='bbox 796 2181 1036 2279; x_wconf 80' lang='lat' dir='ltr'>bombyciae,</span> <span class='ocrx_word' id='word_1_65' title='bbox 1076 2179 1250 2256; x_wconf 79' lang='lat' dir='ltr'>maturius</span> <span class='ocrx_word' id='word_1_66' title='bbox 1286 2179 1378 2255; x_wconf 89' lang='lat' dir='ltr'>reci·</span> 
     </span>
     <span class='ocr_line' id='line_1_13' title="bbox 207 2310 1376 2411; baseline 0.003 -27"><span class='ocrx_word' id='word_1_67' title='bbox 207 2328 208 2345; x_wconf 72' lang='lat'>³</span> <span class='ocrx_word' id='word_1_68' title='bbox 325 2333 455 2408; x_wconf 87' lang='lat' dir='ltr'>proco,</span> <span class='ocrx_word' id='word_1_69' title='bbox 489 2312 675 2410; x_wconf 81' lang='lat' dir='ltr'>gracilae,</span> <span class='ocrx_word' id='word_1_70' title='bbox 715 2313 930 2389; x_wconf 85' lang='lat' dir='ltr'>feminarum</span> <span class='ocrx_word' id='word_1_71' title='bbox 971 2310 1100 2390; x_wconf 86' lang='lat' dir='ltr'>latiore</span> <span class='ocrx_word' id='word_1_72' title='bbox 1139 2311 1227 2390; x_wconf 87' lang='lat' dir='ltr'>lolio</span> <span class='ocrx_word' id='word_1_73' title='bbox 1265 2318 1376 2411; x_wconf 84' lang='lat' dir='ltr'>atque</span> 
     </span>
     <span class='ocr_line' id='line_1_14' title="bbox 326 2444 1376 2553; baseline 0.004 -35"><span class='ocrx_word' id='word_1_74' title='bbox 326 2444 555 2535; x_wconf 85' lang='lat' dir='ltr'>candidiore,</span> <span class='ocrx_word' id='word_1_75' title='bbox 593 2447 741 2523; x_wconf 85' lang='lat' dir='ltr'>modica</span> <span class='ocrx_word' id='word_1_76' title='bbox 775 2444 951 2553; x_wconf 83' lang='lat' dir='ltr'>lanugine</span> <span class='ocrx_word' id='word_1_77' title='bbox 989 2453 1051 2522; x_wconf 80' lang='lat' dir='ltr'>aut</span> <span class='ocrx_word' id='word_1_78' title='bbox 1087 2447 1235 2524; x_wconf 90' lang='lat' dir='ltr'>omnino</span> <span class='ocrx_word' id='word_1_79' title='bbox 1275 2444 1376 2523; x_wconf 88' lang='lat' dir='ltr'>nulla</span> 
     </span>
    </p>
   </div>
   <div class='ocr_carea' id='block_1_6' title="bbox 208 2577 1438 3384">
    <p class='ocr_par' dir='ltr' id='par_1_7' title="bbox 208 2577 946 2684">
     <span class='ocr_line' id='line_1_15' title="bbox 208 2577 946 2684; baseline 0.009 -35"><span class='ocrx_word' id='word_1_80' title='bbox 208 2616 209 2649; x_wconf 52' lang='lat' dir='ltr'>r</span> <span class='ocrx_word' id='word_1_81' title='bbox 324 2577 527 2684; x_wconf 87' lang='lat' dir='ltr'>spadonum</span> <span class='ocrx_word' id='word_1_82' title='bbox 552 2579 699 2655; x_wconf 92' lang='lat' dir='ltr'>nomine</span> <span class='ocrx_word' id='word_1_83' title='bbox 725 2579 946 2679; x_wconf 80' lang='lat' dir='ltr'>insignibus,</span> 
     </span>
    </p>

    <p class='ocr_par' dir='ltr' id='par_1_8' title="bbox 279 2707 1438 3384">
     <span class='ocr_line' id='line_1_16' title="bbox 353 2707 1374 2796; baseline 0.005 -25"><span class='ocrx_word' id='word_1_84' title='bbox 353 2707 474 2771; x_wconf 87' lang='lat' dir='ltr'>Plinius</span> <span class='ocrx_word' id='word_1_85' title='bbox 493 2709 579 2773; x_wconf 90' lang='lat' dir='ltr'>enirn</span> <span class='ocrx_word' id='word_1_86' title='bbox 600 2730 672 2774; x_wconf 92' lang='lat' dir='ltr'>cum</span> <span class='ocrx_word' id='word_1_87' title='bbox 693 2719 821 2796; x_wconf 87' lang='lat' dir='ltr'>praeter</span> <span class='ocrx_word' id='word_1_88' title='bbox 842 2711 941 2775; x_wconf 88' lang='lat' dir='ltr'>verba</span> <span class='ocrx_word' id='word_1_89' title='bbox 963 2709 1141 2792; x_wconf 85' lang='lat' dir='ltr'>,proficiunt</span> <span class='ocrx_word' id='word_1_90' title='bbox 1164 2748 1200 2756; x_wconf 96' lang='lat'>-</span> <span class='ocrx_word' id='word_1_91' title='bbox 1227 2709 1374 2796; x_wconf 88' lang='lat' dir='ltr'>amplitu-</span> 
     </span>
     <span class='ocr_line' id='line_1_17' title="bbox 282 2822 1438 2911; baseline 0.007 -24"><span class='ocrx_word' id='word_1_92' title='bbox 282 2822 388 2889; x_wconf 70' lang='lat' dir='ltr'>dinem‘</span> <span class='ocrx_word' id='word_1_93' title='bbox 409 2828 591 2908; x_wconf 86' lang='lat' dir='ltr'>importune</span> <span class='ocrx_word' id='word_1_94' title='bbox 624 2832 670 2893; x_wconf 90' lang='lat' dir='ltr'>ita</span> <span class='ocrx_word' id='word_1_95' title='bbox 690 2830 782 2893; x_wconf 88' lang='lat' dir='ltr'>illata</span> <span class='ocrx_word' id='word_1_96' title='bbox 808 2836 844 2894; x_wconf 90' lang='lat' dir='ltr'>ut</span> <span class='ocrx_word' id='word_1_97' title='bbox 867 2830 908 2893; x_wconf 90' lang='lat' dir='ltr'>ad</span> <span class='ocrx_word' id='word_1_98' title='bbox 930 2836 1066 2911; x_wconf 76' lang='lat' dir='ltr'>tempus¹</span> <span class='ocrx_word' id='word_1_99' title='bbox 1086 2828 1263 2911; x_wconf 87' lang='lat' dir='ltr'>perfectum</span> <span class='ocrx_word' id='word_1_100' title='bbox 1291 2829 1374 2895; x_wconf 86' lang='lat' dir='ltr'>refe·</span> <span class='ocrx_word' id='word_1_101' title='bbox 1430 2844 1438 2875; x_wconf 63' lang='lat'>⁸</span> 
     </span>
     <span class='ocr_line' id='line_1_18' title="bbox 279 2944 1387 3031; baseline 0.006 -27"><span class='ocrx_word' id='word_1_102' title='bbox 279 2952 388 3025; x_wconf 84' lang='lat' dir='ltr'>rantur,</span> <span class='ocrx_word' id='word_1_103' title='bbox 409 2944 669 3029; x_wconf 80' lang='lat' dir='ltr'>Theophrastum</span> <span class='ocrx_word' id='word_1_104' title='bbox 691 2954 841 3012; x_wconf 86' lang='lat' dir='ltr'>accurate</span> <span class='ocrx_word' id='word_1_105' title='bbox 863 2947 1069 3031; x_wconf 83' lang='lat' dir='ltr'>expresserit,</span> <span class='ocrx_word' id='word_1_106' title='bbox 1093 2966 1134 3010; x_wconf 83' lang='lat' dir='ltr'>ex</span> <span class='ocrx_word' id='word_1_107' title='bbox 1152 2945 1246 3010; x_wconf 91' lang='lat' dir='ltr'>huius</span> <span class='ocrx_word' id='word_1_108' title='bbox 1268 2948 1387 3012; x_wconf 71' lang='lat' dir='ltr'>verbis</span> 
     </span>
     <span class='ocr_line' id='line_1_19' title="bbox 281 3059 1426 3153; baseline 0.009 -33"><span class='ocrx_word' id='word_1_109' title='bbox 281 3059 326 3123; x_wconf 81' lang='lat' dir='ltr'>[V.</span> <span class='ocrx_word' id='word_1_110' title='bbox 342 3064 423 3129; x_wconf 71' lang='lat' dir='ltr'>11.ss</span> <span class='ocrx_word' id='word_1_111' title='bbox 445 3068 502 3127; x_wconf 80' lang='grc' dir='ltr'>καὶ</span> <span class='ocrx_word' id='word_1_112' title='bbox 521 3068 678 3143; x_wconf 75' lang='grc' dir='ltr'><strong><em>γίνεσθαι</em></strong></span> <span class='ocrx_word' id='word_1_113' title='bbox 699 3064 838 3148; x_wconf 79' lang='grc' dir='ltr'><strong><em>τὸνμὲν</em></strong></span> <span class='ocrx_word' id='word_1_114' title='bbox 860 3062 1052 3152; x_wconf 74' lang='grc' dir='ltr'><strong><em>ἆδρυθέντα</em></strong></span> <span class='ocrx_word' id='word_1_115' title='bbox 1074 3065 1231 3148; x_wconf 72' lang='grc' dir='ltr'><strong><em>ζευγίτην,</em></strong></span> <span class='ocrx_word' id='word_1_116' title='bbox 1254 3062 1374 3153; x_wconf 71' lang='lat' dir='ltr'>qid&#39;tlp</span> <span class='ocrx_word' id='word_1_117' title='bbox 1416 3083 1426 3101; x_wconf 65' lang='lat'>⁸</span> 
     </span>
     <span class='ocr_line' id='line_1_20' title="bbox 280 3174 1373 3271; baseline 0.003 -28"><span class='ocrx_word' id='word_1_118' title='bbox 280 3178 317 3261; x_wconf 77' lang='grc' dir='ltr'>μὴ</span> <span class='ocrx_word' id='word_1_119' title='bbox 343 3186 598 3271; x_wconf 74' lang='grc' dir='ltr'><strong><em>συμπαραμείνῃ</em></strong></span> <span class='ocrx_word' id='word_1_120' title='bbox 627 3180 665 3245; x_wconf 82' lang='lat' dir='ltr'>ad</span> <span class='ocrx_word' id='word_1_121' title='bbox 697 3179 788 3266; x_wconf 76' lang='grc' dir='ltr'><em>ὕδωρ</em></span> <span class='ocrx_word' id='word_1_122' title='bbox 810 3186 995 3263; x_wconf 79' lang='grc' dir='ltr'><strong><em>βομβυκίαν</em></strong></span> <span class='ocrx_word' id='word_1_123' title='bbox 1018 3180 1176 3265; x_wconf 86' lang='lat' dir='ltr'>colligitur</span> <span class='ocrx_word' id='word_1_124' title='bbox 1203 3174 1373 3268; x_wconf 84' lang='lat' dir='ltr'>utrumque</span> 
     </span>
     <span class='ocr_line' id='line_1_21' title="bbox 279 3270 1373 3384; baseline 0.009 -29"><span class='ocrx_word' id='word_1_125' title='bbox 279 3294 504 3362; x_wconf 86' lang='lat' dir='ltr'>substantivum</span> <span class='ocrx_word' id='word_1_126' title='bbox 527 3318 599 3361; x_wconf 91' lang='lat' dir='ltr'>cum</span> <span class='ocrx_word' id='word_1_127' title='bbox 621 3299 719 3363; x_wconf 82' lang='lat' dir='ltr'>verbo</span> <span class='ocrx_word' id='word_1_128' title='bbox 741 3270 1017 3383; x_wconf 84' lang='lat' dir='ltr'>coniungendum,</span> <span class='ocrx_word' id='word_1_129' title='bbox 1039 3298 1146 3384; x_wconf 88' lang='lat' dir='ltr'>itaque</span> <span class='ocrx_word' id='word_1_130' title='bbox 1171 3298 1373 3365; x_wconf 88' lang='lat' dir='ltr'>scribendum</span> 
     </span>
    </p>
   </div>
   <div class='ocr_carea' id='block_1_7' title="bbox 209 3430 358 3476">
    <p class='ocr_par' dir='ltr' id='par_1_9' title="bbox 209 3430 358 3476">
     <span class='ocr_line' id='line_1_22' title="bbox 209 3430 358 3476; baseline 0.02 -3"><span class='ocrx_word' id='word_1_131' title='bbox 209 3433 210 3464; x_wconf 55' lang='lat' dir='ltr'>i</span> <span class='ocrx_word' id='word_1_132' title='bbox 279 3430 358 3476; x_wconf 72' lang='grc' dir='ltr'>θθθθξ</span> 
     </span>
    </p>
   </div>
   <div class='ocr_carea' id='block_1_8' title="bbox 311 3537 1373 3713">
    <p class='ocr_par' dir='ltr' id='par_1_10' title="bbox 311 3537 1373 3713">
     <span class='ocr_line' id='line_1_23' title="bbox 312 3537 1373 3615; baseline 0.008 -22"><span class='ocrx_word' id='word_1_133' title='bbox 312 3537 499 3596; x_wconf 81' lang='lat' dir='ltr'>vocabantur</span> <span class='ocrx_word' id='word_1_134' title='bbox 510 3538 658 3612; x_wconf 75' lang='lat' dir='ltr'>accpiter,</span> <span class='ocrx_word' id='word_1_135' title='bbox 679 3543 787 3599; x_wconf 70' lang='lat' dir='ltr'>contra</span> <span class='ocrx_word' id='word_1_136' title='bbox 801 3538 975 3614; x_wconf 81' lang='lat' dir='ltr'>bombyciae</span> <span class='ocrx_word' id='word_1_137' title='bbox 988 3538 1135 3599; x_wconf 81' lang='lat' dir='ltr'>melarius</span> <span class='ocrx_word' id='word_1_138' title='bbox 1152 3538 1311 3615; x_wconf 78' lang='lat' dir='ltr'>reciproco</span> <span class='ocrx_word' id='word_1_139' title='bbox 1329 3554 1373 3601; x_wconf 85' lang='lat' dir='ltr'>se.</span> 
     </span>
     <span class='ocr_line' id='line_1_24' title="bbox 311 3646 390 3713; baseline 0.051 -4"><span class='ocrx_word' id='word_1_140' title='bbox 311 3646 390 3713; x_wconf 88' lang='lat' dir='ltr'>lacu.</span> 
     </span>
    </p>
   </div>
   <div class='ocr_carea' id='block_1_9' title="bbox 278 3738 1373 4087">
    <p class='ocr_par' dir='ltr' id='par_1_11' title="bbox 278 3738 1373 4087">
     <span class='ocr_line' id='line_1_25' title="bbox 350 3738 1373 3853; baseline 0.004 -23"><span class='ocrx_word' id='word_1_141' title='bbox 350 3766 440 3840; x_wconf 81' lang='lat' dir='ltr'>Quae</span> <span class='ocrx_word' id='word_1_142' title='bbox 462 3786 583 3852; x_wconf 86' lang='lat' dir='ltr'>genera</span> <span class='ocrx_word' id='word_1_143' title='bbox 611 3788 631 3831; x_wconf 89' lang='lat' dir='ltr'>a</span> <span class='ocrx_word' id='word_1_144' title='bbox 651 3738 873 3853; x_wconf 85' lang='lat' dir='ltr'>Theophrasto</span> <span class='ocrx_word' id='word_1_145' title='bbox 896 3788 969 3830; x_wconf 93' lang='lat' dir='ltr'>cum</span> <span class='ocrx_word' id='word_1_146' title='bbox 992 3766 1119 3843; x_wconf 79' lang='lat' dir='ltr'>feminis</span> <span class='ocrx_word' id='word_1_147' title='bbox 1148 3775 1373 3853; x_wconf 86' lang='lat' dir='ltr'>comparantur</span> 
     </span>
     <span class='ocr_line' id='line_1_26' title="bbox 279 3880 1372 3993; baseline 0.004 -46"><span class='ocrx_word' id='word_1_148' title='bbox 279 3880 352 3960; x_wconf 77' lang='grc' dir='ltr'><strong><em>ὅλως</em></strong></span> <span class='ocrx_word' id='word_1_149' title='bbox 372 3885 410 3949; x_wconf 82' lang='grc' dir='ltr'>δὲ</span> <span class='ocrx_word' id='word_1_150' title='bbox 431 3887 538 3971; x_wconf 75' lang='grc' dir='ltr'><strong><em>θῆλυν</em></strong></span> <span class='ocrx_word' id='word_1_151' title='bbox 559 3889 597 3974; x_wconf 76' lang='grc' dir='ltr'>τῇ</span> <span class='ocrx_word' id='word_1_152' title='bbox 619 3886 807 3973; x_wconf 57' lang='lat' dir='ltr'>oportum</span> <span class='ocrx_word' id='word_1_153' title='bbox 837 3883 1072 3993; x_wconf 78' lang='lat' dir='ltr'>itaque&#39;addito</span> <span class='ocrx_word' id='word_1_154' title='bbox 1095 3885 1180 3970; x_wconf 94' lang='lat' dir='ltr'>quod</span> <span class='ocrx_word' id='word_1_155' title='bbox 1202 3886 1372 3952; x_wconf 89' lang='lat' dir='ltr'>intercide·</span> 
     </span>
     <span class='ocr_line' id='line_1_27' title="bbox 278 4000 715 4087; baseline 0.011 -27"><span class='ocrx_word' id='word_1_156' title='bbox 278 4007 320 4063; x_wconf 89' lang='lat' dir='ltr'>rat</span> <span class='ocrx_word' id='word_1_157' title='bbox 336 4000 490 4066; x_wconf 85' lang='lat' dir='ltr'>vocabulo</span> <span class='ocrx_word' id='word_1_158' title='bbox 513 4002 715 4087; x_wconf 86' lang='lat' dir='ltr'>appellantur</span> 
     </span>
    </p>
   </div>
   <div class='ocr_carea' id='block_1_10' title="bbox 206 4109 1378 4809">
    <p class='ocr_par' dir='ltr' id='par_1_12' title="bbox 206 4109 1378 4316">
     <span class='ocr_line' id='line_1_28' title="bbox 311 4109 1378 4205; baseline 0.007 -27"><span class='ocrx_word' id='word_1_159' title='bbox 311 4125 437 4194; x_wconf 79' lang='lat' dir='ltr'>preciles</span> <span class='ocrx_word' id='word_1_160' title='bbox 463 4125 643 4195; x_wconf 80' lang='lat' dir='ltr'>feminarum</span> <span class='ocrx_word' id='word_1_161' title='bbox 671 4124 792 4204; x_wconf 81' lang='lat' dir='ltr'>modo,</span> <span class='ocrx_word' id='word_1_162' title='bbox 821 4124 929 4183; x_wconf 80' lang='lat' dir='ltr'>teliore</span> <span class='ocrx_word' id='word_1_163' title='bbox 957 4121 1033 4194; x_wconf 80' lang='lat' dir='ltr'>folio</span> <span class='ocrx_word' id='word_1_164' title='bbox 1064 4130 1153 4198; x_wconf 83' lang='lat' dir='ltr'>alque</span> <span class='ocrx_word' id='word_1_165' title='bbox 1183 4109 1378 4205; x_wconf 47' lang='lat' dir='ltr'>candidiore</span> 
     </span>
     <span class='ocr_line' id='line_1_29' title="bbox 206 4208 1164 4316; baseline 0.002 -20"><span class='ocrx_word' id='word_1_166' title='bbox 206 4239 207 4254; x_wconf 64' lang='lat'>¹</span> <span class='ocrx_word' id='word_1_167' title='bbox 311 4242 424 4302; x_wconf 83' lang='lat' dir='ltr'>modica</span> <span class='ocrx_word' id='word_1_168' title='bbox 445 4242 604 4316; x_wconf 65' lang='lat' dir='ltr'>lanariae,</span> <span class='ocrx_word' id='word_1_169' title='bbox 1160 4208 1164 4219; x_wconf 39' lang='lat'><strong><em>¹</em></strong></span> 
     </span>
    </p>

    <p class='ocr_par' dir='ltr' id='par_1_13' title="bbox 206 4341 1371 4809">
     <span class='ocr_line' id='line_1_30' title="bbox 206 4341 1371 4439; baseline 0.007 -28"><span class='ocrx_word' id='word_1_170' title='bbox 206 4411 207 4439; x_wconf 25' lang='grc' dir='ltr'><strong>ἱ</strong></span> <span class='ocrx_word' id='word_1_171' title='bbox 278 4369 332 4432; x_wconf 91' lang='lat' dir='ltr'>qua</span> <span class='ocrx_word' id='word_1_172' title='bbox 352 4352 390 4415; x_wconf 91' lang='lat' dir='ltr'>ab</span> <span class='ocrx_word' id='word_1_173' title='bbox 401 4354 440 4416; x_wconf 86' lang='lat' dir='ltr'>ils</span> <span class='ocrx_word' id='word_1_174' title='bbox 454 4353 700 4437; x_wconf 85' lang='lat' dir='ltr'>distinguuntur,</span> <span class='ocrx_word' id='word_1_175' title='bbox 719 4358 802 4437; x_wconf 83' lang='lat' dir='ltr'>&#39;quos</span> <span class='ocrx_word' id='word_1_176' title='bbox 823 4349 1066 4438; x_wconf 79' lang='lat' dir='ltr'>Theophrastus</span> <span class='ocrx_word' id='word_1_177' title='bbox 1089 4354 1264 4419; x_wconf 84' lang='lat' dir='ltr'>tradiderat</span> <span class='ocrx_word' id='word_1_178' title='bbox 1278 4341 1371 4433; x_wconf 73' lang='grc' dir='ltr'>τίνᾶς</span> 
     </span>
     <span class='ocr_line' id='line_1_31' title="bbox 278 4465 1369 4561; baseline 0.011 -34.195"><span class='ocrx_word' id='word_1_179' title='bbox 278 4465 308 4529; x_wconf 79' lang='grc' dir='ltr'>δὲ</span> <span class='ocrx_word' id='word_1_180' title='bbox 329 4467 408 4545; x_wconf 80' lang='grc' dir='ltr'><strong><em>ὅλως</em></strong></span> <span class='ocrx_word' id='word_1_181' title='bbox 430 4467 490 4535; x_wconf 78' lang='grc' dir='ltr'>οὐκ</span> <span class='ocrx_word' id='word_1_182' title='bbox 504 4468 593 4551; x_wconf 79' lang='grc' dir='ltr'><strong><em>ἔχειν</em></strong></span> <span class='ocrx_word' id='word_1_183' title='bbox 614 4468 671 4546; x_wconf 78' lang='grc' dir='ltr'>οὓς</span> <span class='ocrx_word' id='word_1_184' title='bbox 693 4476 749 4534; x_wconf 79' lang='grc' dir='ltr'>καὶ</span> <span class='ocrx_word' id='word_1_185' title='bbox 770 4472 1081 4557; x_wconf 69' lang='grc' dir='ltr'><em>προσαγορεύουσιν</em></span> <span class='ocrx_word' id='word_1_186' title='bbox 1103 4470 1288 4561; x_wconf 79' lang='grc' dir='ltr'><em>εὖνουχίας,</em></span> <span class='ocrx_word' id='word_1_187' title='bbox 1310 4474 1369 4539; x_wconf 84' lang='lat' dir='ltr'>ite-</span> 
     </span>
     <span class='ocr_line' id='line_1_32' title="bbox 206 4586 1369 4672; baseline 0.011 -29"><span class='ocrx_word' id='word_1_188' title='bbox 206 4613 207 4622; x_wconf 42' lang='lat'><em>*</em></span> <span class='ocrx_word' id='word_1_189' title='bbox 279 4601 332 4663; x_wconf 91' lang='lat' dir='ltr'>que</span> <span class='ocrx_word' id='word_1_190' title='bbox 350 4593 420 4666; x_wconf 91' lang='lat' dir='ltr'>post</span> <span class='ocrx_word' id='word_1_191' title='bbox 441 4608 470 4649; x_wconf 89' lang='lat' dir='ltr'>v.</span> <span class='ocrx_word' id='word_1_192' title='bbox 493 4593 637 4665; x_wconf 68' lang='lat' dir='ltr'>harpiae</span> <span class='ocrx_word' id='word_1_193' title='bbox 658 4586 949 4672; x_wconf 85' lang='lat' dir='ltr'>interpungendum</span> <span class='ocrx_word' id='word_1_194' title='bbox 980 4595 1012 4653; x_wconf 91' lang='lat' dir='ltr'>et</span> <span class='ocrx_word' id='word_1_195' title='bbox 1043 4600 1095 4651; x_wconf 79' lang='lat' dir='ltr'>eat</span> <span class='ocrx_word' id='word_1_196' title='bbox 1123 4589 1155 4653; x_wconf 93' lang='lat' dir='ltr'>in</span> <span class='ocrx_word' id='word_1_197' title='bbox 1178 4604 1210 4655; x_wconf 80' lang='lat' dir='ltr'>ar</span> <span class='ocrx_word' id='word_1_198' title='bbox 1244 4598 1369 4655; x_wconf 89' lang='lat' dir='ltr'>mutan-</span> 
     </span>
     <span class='ocr_line' id='line_1_33' title="bbox 280 4696 1318 4809; baseline 0.013 -47.068"><span class='ocrx_word' id='word_1_199' title='bbox 280 4696 343 4763; x_wconf 90' lang='lat' dir='ltr'>dum</span> <span class='ocrx_word' id='word_1_200' title='bbox 363 4704 431 4769; x_wconf 89' lang='lat' dir='ltr'>erit.</span> <span class='ocrx_word' id='word_1_201' title='bbox 474 4702 529 4769; x_wconf 76' lang='lat' dir='ltr'>sio</span> <span class='ocrx_word' id='word_1_202' title='bbox 550 4703 680 4769; x_wconf 93' lang='lat' dir='ltr'>demum</span> <span class='ocrx_word' id='word_1_203' title='bbox 701 4706 846 4791; x_wconf 84' lang='lat' dir='ltr'>perlecta</span> <span class='ocrx_word' id='word_1_204' title='bbox 867 4713 916 4771; x_wconf 91' lang='lat' dir='ltr'>est</span> <span class='ocrx_word' id='word_1_205' title='bbox 938 4707 999 4771; x_wconf 91' lang='lat' dir='ltr'>loci</span> <span class='ocrx_word' id='word_1_206' title='bbox 1022 4706 1213 4776; x_wconf 89' lang='lat' dir='ltr'>emendatio.</span> <span class='ocrx_word' id='word_1_207' title='bbox 1311 4796 1318 4809; x_wconf 28' lang='lat' dir='ltr'><em>l</em></span> 
     </span>
    </p>
   </div>
   <div class='ocr_carea' id='block_1_11' title="bbox 0 0 1854 5625">
    <p class='ocr_par' dir='ltr' id='par_1_14' title="bbox 0 0 1854 5625">
     <span class='ocr_line' id='line_1_34' title="bbox 0 0 1854 5625; baseline 0 0"><span class='ocrx_word' id='word_1_208' title='bbox 0 0 1854 5625; x_wconf 95' lang='lat' dir='ltr'> </span> 
     </span>
    </p>
   </div>
  </div>
 </body>
</html>
