3700 5625
527 544 589 612 tet
930 550 1033 617 liber
1052 551 1155 618 XIV.
1177 551 1259 624 XV.

527 732 606 801 illud
627 734 712 800 elias
733 735 777 801 ad
800 736 890 803 hanc
910 739 1135 806 narrationem
1157 739 1306 808 conteret
1350 741 1490 809 Scilicet
1509 744 1619 808 adseri·

524 853 593 940 psit
613 875 654 918 ee
667 855 834 939 librarius,
853 857 909 942 qni
932 859 1030 921 etiam
1046 877 1184 926 suevam
1194 858 1273 924 alibi
1284 859 1454 928 Tiberium
1475 873 1510 926 et
1529 859 1619 926 inisse

526 984 560 1039 et
586 971 751 1059 appellari
779 975 995 1040 meminisset.
1047 975 1176 1050 Quibus
1205 978 1322 1043 eiectis
1341 977 1485 1064 pulchre
1515 1000 1621 1045 seuera

524 1095 686 1181 principis
713 1107 875 1162 senectus
904 1095 1064 1160 iuventuti
1099 1095 1208 1160 bibnci
1238 1099 1430 1181 opponitur.
1486 1095 1619 1161 Alterum

524 1235 656 1301 qnoque
677 1213 849 1299 glossema
874 1213 908 1279 in
939 1215 1169 1299 superioribus
1196 1214 1302 1280 latere
1330 1215 1478 1282 videtur.
1526 1215 1619 1289 Quum

525 1335 610 1399 enirn
632 1336 664 1398 in
683 1334 874 1398 universum
897 1333 1076 1416 epotando
1087 1331 1256 1419 Torquato
1280 1355 1468 1420 cognomen
1490 1335 1618 1399 additam

523 1473 604 1520 esse
631 1453 695 1517 iam
725 1453 917 1518 tradidisset
947 1453 1090 1532 Plinius,
1118 1455 1291 1519 annotavit
1320 1455 1409 1520 idem
1431 1453 1489 1521 ille
1514 1465 1618 1520 acutas

523 1573 778 1660 gratnmaticns,
799 1583 895 1637 recte
915 1572 1004 1637 hand
1027 1573 1137 1653 dubie,
1168 1594 1190 1638 a
1212 1574 1319 1640 tribas
1339 1575 1472 1661 congiis
1493 1573 1618 1638 'l'ricon-

522 1695 610 1779 gium
631 1703 786 1758 vocatum
811 1712 898 1756 esse.
942 1690 977 1754 ln
1000 1687 1028 1774 §.
1042 1689 1113 1759 145.
1137 1712 1285 1754 sermone
1304 1702 1396 1758 recte
1424 1690 1529 1775 vulgo
1556 1692 1618 1755 ede·

523 1815 635 1890 batur,
658 1812 745 1897 quod
769 1810 811 1872 ad
834 1808 996 1874 orationis
1017 1809 1273 1874 concinnitatem
1296 1811 1391 1876 anice
1412 1819 1529 1896 aptum
1552 1821 1602 1874 est.

442 1959 503 2023 tlt
931 1943 1217 2020 146=ibide1m

574 2082 739 2182 'l'ergilla
760 2079 935 2155 Ciceroni
956 2079 1008 2154 M.
1030 2077 1077 2154 F.
1106 2079 1212 2155 binos
1235 2080 1384 2182 congios
1407 2081 1520 2158 simul
1544 2082 1616 2156 hau·

518 2223 525 2229 '
571 2219 647 2297 rire
668 2219 815 2295 solitum
841 2216 932 2317 ipsi
959 2215 1084 2292 obiicit
1103 2218 1305 2319 Marcoque
1324 2219 1517 2324 Agrippae
1536 2245 1556 2294 e
1575 2229 1616 2292 te-

571 2359 733 2432 mulento
758 2358 940 2457 scyphum
967 2356 1177 2455 impactum.

602 2492 737 2560 Haereo
749 2493 783 2558 in
797 2493 938 2560 molesto
948 2492 1112 2560 vocabulo
1124 2494 1194 2579 ipsi,
1214 2493 1302 2578 quod
1316 2491 1381 2558 hoc
1397 2492 1532 2577 quidem
1551 2489 1615 2556 loco

518 2612 601 2676 ferri
629 2614 684 2676 vix
716 2614 847 2697 poterit
906 2601 1020 2686 Quare
1047 2620 1104 2674 ant
1132 2611 1176 2674 ed
1198 2609 1383 2696 Agrippam
1412 2608 1615 2674 referendum

516 2731 798 2818 scribendumque
820 2739 872 2797 est
893 2732 1016 2824 ipsique
1031 2729 1203 2813 Morem,
1224 2740 1281 2794 ant
1302 2728 1390 2817 quod
1413 2737 1578 2815 praestat:

873 2845 1010 2911 naurire
1029 2846 1158 2910 solitum
1180 2866 1269 2909 esse.

601 2967 739 3035 Solitum
763 2967 849 3031 enim
873 2964 934 3029 luit
956 2964 1111 3030 Ciceroni
1132 2963 1276 3029 haurire.

932 3136 1093 3253 ἰιιιιιι
1119 3164 1200 3253 xu.

434 3368 497 3433 243
983 3340 1055 3412 6:
1073 3340 1105 3431 l,
1123 3338 1157 3411 2.

568 3476 759 3577 -optima
774 3486 895 3550 autetn
912 3484 1013 3549 octos
1030 3475 1075 3550 ad
1083 3474 1358 3573 decerpendum
1374 3474 1472 3549 inter
1481 3472 1608 3573 copiam

560 3612 852 3713 bonitatemque,
884 3608 1085 3712 incipiente
1107 3615 1199 3687 bace
1224 3611 1457 3713 nigrescere,
1492 3630 1606 3711 quon

561 3761 694 3829 vocant
717 3750 892 3850 drappos,
919 3749 1061 3827 Graeci
1086 3774 1177 3825 vero
1204 3748 1433 3849 drypetidas.

507 3897 513 3908 “
594 3886 705 3978 Quam
733 3905 796 3973 pro
815 3907 903 3953 uoce
933 3886 1134 3973 interpolata
1155 3886 1276 3951 Nostri
1303 3884 1440 3971 sculpsit
1461 3881 1606 3965 Silligins,

507 4026 609 4095 qnam
629 4021 740 4074 tamen
761 4027 847 4102 peras
868 4006 1046 4071 dicendam
1066 4003 1198 4069 fuisset.
1254 4001 1409 4067 Codices·
1426 4018 1510 4069 vero
1530 3992 1605 4063 'l’ad

507 4127 668 4194 exhibent
689 4148 781 4205 cam,
810 4122 858 4189 D¹
876 4144 954 4217 qum
979 4120 1027 4185 l)l
1049 4142 1159 4215 qnam.
1208 4120 1324 4207 ltaque
1345 4119 1434 4186 head
1454 4119 1550 4186 dubie
1569 4112 1605 4176 lt·

506 4246 652 4331 geudm
671 4256 724 4311 est
744 4265 854 4339 paam
906 4242 991 4307 Τιιιιι
1013 4242 1099 4307 enim
1121 4261 1220 4326 quum
1240 4241 1439 4325 nigrescere
1458 4238 1605 4325 incipiunt

509 4363 629 4441 bacae,
652 4363 802 4447 druppae
824 4360 1045 4437 nominentur,
1070 4356 1286 4427 ef.x11.130.

970 4512 1046 4587 il:
1060 4514 1083 4589 3
1103 4515 1147 4590 d.

428 4553 510 4713 m·
559 4652 662 4728 Snus
686 4649 837 4751 quidem
857 4649 976 4727 olivae
1001 4572 1114 4729 tuens
1128 4650 1252 4727 oleam
1276 4660 1347 4746 eat,
1365 4651 1481 4752 idque
1508 4666 1600 4751 prae-
