3700 5625
466 568 513 637 tl
930 563 1122 633 esem

466 752 964 843 pertinuissepntandnsest.
1017 751 1587 837 Practmessnpraecolllc·

470 874 616 962 gneum
629 869 855 939 steterat
879 870 1040 937 Similiter
1059 866 1147 961 §.ib
1167 867 1318 974 tome
1337 870 1586 958 Hypsiclm3

470 990 825 1080 §aaronem
842 990 1057 1071 §lavessit
1066 987 1587 1078 coniecturamGemtisprnbo,

470 1110 565 1199 §.te
585 1110 750 1179 Hariniui
766 1108 956 1190 mertem,
977 1108 1068 1197 §Ab
1089 1128 1110 1174 e
1131 1108 1394 1175 cod.A.1am
1414 1110 1587 1197 recipien-

471 1233 551 1297 dum
571 1241 633 1297 est.
682 1229 783 1315 §.42
805 1229 966 1297 Osannus
985 1230 1020 1295 iu
1042 1226 1293 1295 Schneidewiui
1314 1228 1493 1316 Philologo
1513 1228 1589 1296 Vll

470 1348 588 1437 labili.
608 1346 828 1435 probabiliter
848 1348 992 1417 coniecit
1011 1348 1148 1415 lum
1168 1368 1244 1413 can
1264 1346 1353 1419 lacu.

323 1606 326 1611 .
411 1569 457 1636 75
901 1533 1001 1608 31:
1015 1532 1166 1609 ibidem.

521 1704 570 1782 In
591 1731 639 1782 eo
664 1730 779 1783 cursu
806 1705 954 1804 Tempe
977 1718 1169 1781 vocant...
1200 1705 1300 1781 ultra
1322 1701 1444 1781 visum
1467 1704 1588 1785 homi·

521 1840 580 1915 nis
605 1840 857 1918 attollentibus
881 1868 984 1921 se...
1015 1843 1132 1945 iugis,
1158 1842 1260 1918 intus
1288 1864 1357 1916 sua
1387 1841 1474 1917 lnce
1498 1842 1587 1919 viri

522 1975 646 2053 dante.
697 1978 785 2054 Hac
805 1979 942 2059 labitur
953 1982 1109 2079 Penius,
1133 1978 1263 2059 viridis
1284 1978 1438 2073 calculo,
1463 2002 1587 2056 amne·

522 2136 594 2189 nus
620 2112 723 2189 cirea
741 2114 844 2217 ripas
868 2119 1047 2218 pumina,
1069 2141 1227 2195 canorus
1250 2114 1372 2191 avium
1393 2123 1516 2191 cantu.

554 2296 595 2361 lu
623 2300 863 2367 amoenissima
890 2303 1102 2371 clarissimae
1121 2302 1220 2371 uallis
1243 2290 1471 2383 descriptione
1497 2321 1585 2387 quac

472 2432 549 2479 cnm
569 2413 704 2481 Aeliani
724 2416 880 2485 laudibus
899 2421 981 2489 Van.
995 2422 1080 2489 liist.
1092 2423 1146 2489 lll.
1160 2421 1189 2485 l.
1210 2417 1335 2504 optime
1356 2428 1584 2503 comparatur,

471 2533 552 2619 quid
572 2533 617 2599 sit
631 2534 960 2605 wincestriam
980 2540 1155 2609 fateorme
1169 2534 1443 2621 noniutelligere.
1465 2536 1585 2606 Paullo

470 2651 590 2718 melius
599 2652 792 2723 llarduiuus
802 2667 929 2741 puncto
950 2672 1030 2746 post
1049 2661 1134 2750 iupis
1154 2659 1265 2746 posito
1285 2655 1585 2740 scripsitIatas—

471 2768 630 2836 allabitur
648 2772 773 2838 Proba
798 2796 887 2862 quae
911 2776 1013 2845 lectio
1035 2780 1136 2846 codd.
1159 2779 1222 2846 RS
1244 2775 1469 2845 confirmatur.
1511 2777 1586 2866 Ap-

471 2887 640 2975 pellantur
656 2893 744 2960 enim
758 2894 886 2982 Tempe
907 2899 1026 2983 „mridi
1038 2898 1184 2966 lucentia
1200 2897 1315 2964 sumo“
1336 2915 1359 2960 a
1370 2895 1448 2962 Val.
1458 2895 1585 2964 Flacco

471 3007 557 3075 Vlll
570 3009 646 3081 452.
668 3024 809 3102 propter
835 3015 949 3084 samos
977 3029 1096 3084 tenues
1127 3017 1184 3105 qni
1215 3015 1326 3083 veloci
1346 3015 1455 3086 amuis
1481 3037 1586 3085 cursu

471 3129 673 3208 excitantur,
690 3132 1116 3202 momenmentum.
1159 3135 1278 3222 Neque
1292 3144 1403 3200 tamen
1424 3157 1485 3198 suo
1505 3135 1585 3204 luce

446 3267 449 3274 ·
469 3248 617 3316 undare
637 3272 749 3339 neque
768 3255 848 3334 luce
867 3256 968 3322 allabi
980 3256 1087 3341 potuit
1099 3255 1246 3338 Peneus,
1265 3272 1375 3337 neque
1399 3265 1433 3320 et
1453 3254 1530 3321 luce
1550 3268 1587 3323 et

470 3366 603 3434 calculo
614 3371 732 3437 viridis
745 3373 920 3460 eleganter
934 3372 1114 3458 appellari,
1133 3393 1200 3439 nec
1214 3371 1357 3456 denique
1372 3371 1472 3440 allabi
1484 3397 1586 3460 quum

469 3486 674 3572 perlabatur.
687 3489 796 3557 Recte
808 3492 907 3576 igitur
918 3491 1075 3577 aSilligio
1090 3489 1311 3557 ecoctam]
1325 3501 1500 3577 receptum
1513 3507 1585 3561 este

469 3603 550 3669 Hoc
563 3604 696 3672 labitur.
728 3609 905 3677 Tumvero
917 3629 1005 3697 quae
1024 3609 1124 3675 modo
1143 3609 1239 3675 attuli
1259 3611 1366 3676 verba
1384 3615 1585 3681 necessario

470 3744 534 3809 pro
558 3728 727 3812 corruptis
748 3739 828 3796 sunt
852 3727 1021 3794 habenda.
1064 3729 1177 3816 Atque
1198 3728 1466 3813 ingeniosissime
1487 3730 1587 3796 intel·
1667 3741 1668 3746 ’

468 3837 552 3907 lenit
565 3842 752 3912 Salmasius
763 3847 923 3913 Exercitt.
935 3869 968 3932 p.
980 3845 1050 3918 153.
1063 3868 1094 3914 a.
1111 3869 1179 3916 non
1202 3846 1244 3913 (le
1265 3845 1353 3934 lnce,
1374 3848 1436 3916 sed
1451 3849 1493 3913 de
1505 3847 1585 3916 luco

467 3959 633 4028 viridante
655 3982 846 4030 sermonem
869 3986 960 4049 esse,
982 3967 1071 4050 quod
1094 3986 1228 4031 sacrum
1241 3985 1359 4032 nemus
1374 3965 1585 4036 aMelall.3.

469 4079 674 4163 appellatum
694 4083 739 4146 ab
761 4083 915 4149 omnibus
935 4083 1009 4149 fere
1031 4083 1252 4168 scriptoribus
1283 4085 1391 4170 quiin
1415 4085 1584 4154 laudanda

467 4195 560 4263 valle
582 4195 811 4286 luxuriantur,
840 4202 927 4269 inter
949 4201 1134 4286 praecipua
1157 4201 1282 4270 decora
1304 4215 1585 4272 commemoratur

470 4323 505 4381 et
516 4334 539 4379 a
550 4315 653 4382 Plinii·
666 4317 893 4405 descriptione
911 4323 1037 4388 abesse
1057 4319 1116 4388 vix
1131 4322 1246 4406 potuit
1266 4323 1352 4388 Nam
1366 4343 1464 4410 quam
1477 4344 1585 4392 seusu

469 4435 624 4522 proximo
652 4437 821 4506 anteriore
841 4458 1057 4506 nemorosam
1081 4441 1268 4514 convallem
1294 4451 1413 4522 vocat,
1440 4463 1509 4510 non
1530 4453 1586 4510 eat

469 4573 607 4624 mum
624 4555 708 4626 illud
727 4577 846 4626 nemus
867 4576 890 4623 a
902 4557 1018 4644 poetis¹
1038 4555 1270 4644 celebratum·
1283 4559 1347 4631 sed
1366 4558 1585 4650 lougius-per
