3700 5625
736 645 915 739 man..
1362 656 1386 723 a

784 837 853 915 30.
1317 876 1321 891 .
1396 858 1418 923 2

343 967 397 1036 De
416 971 705 1038 obtrectatoribus
724 972 798 1039 sive
815 966 1095 1058 vitilittgutoribn‘s
1116 972 1250 1041 locutus
1272 974 1374 1044 Cato·

313 1090 498 1185 »1⁴3⁰rum,
523 1098 584 1179 cit,
607 1098 675 1207 ego
703 1092 889 1167 orationes
915 1091 1008 1169 sibi
1025 1086 1269 1195 'praeierant‘
1337 1116 1340 1125 ’

339 1223 452 1305 Recte
470 1242 557 1305 enirn
575 1240 723 1326 Silligins
736 1254 852 1328 spreta
870 1244 1127 1330 interpolatione
1144 1242 1282 1334 vulgata
1302 1247 1375 1311 sino

267 1356 494 1450 proetufluerc
516 1358 559 1423 ad
582 1360 733 1426 codicum
754 1359 929 1428 lectionem
951 1354 1063 1445 rediit,
1084 1385 1182 1454 quam
1202 1365 1252 1430 sic
1274 1364 1374 1430 inter·

268 1487 425 1560 pretatur:
449 1496 591 1561 „eornm
606 1480 855 1562 ego'oratioues
871 1482 965 1548 sicco
988 1484 1075 1569 petie
1097 1491 1276 1568 praetereo
1299 1501 1374 1549 eas·

267 1617 320 1680 qne
339 1618 408 1662 non
432 1616 517 1661 curo
538 1597 686 1682 ipsorum
705 1598 739 1662 in
760 1597 912 1678 lucrum,
936 1603 1030 1687 quia,
1052 1603 1081 1667 si
1104 1619 1270 1679 curarem,
1290 1620 1372 1685 pes·

266 1714 336 1780 sine
357 1736 379 1781 a
400 1736 456 1781 mc
476 1715 654 1784 habendae
675 1718 824 1786 essent‘.
869 1718 916 1783 At
938 1740 1020 1787 vero
1043 1730 1076 1785 et
1096 1720 1272 1787 durissima
1293 1720 1370 1787 talis

212 1878 219 1890 ·
266 1844 345 1898 esset
370 1843 550 1901 structura
579 1847 613 1901 et
634 1838 833 1925 sententiam
863 1836 1015 1919 efficeret
1041 1856 1062 1902 a
1084 1834 1222 1905 Catonis
1243 1822 1369 1921 mente,

265 1952 377 2038 siquid
399 1954 516 2035 video,
539 1952 690 2022 alienam.
732 1956 851 2041 Neque
870 1956 957 2021 euim
978 1976 1094 2022 eorum
1116 1959 1291 2023 commoda
1313 1979 1368 2025 cu-

265 2090 346 2136 rasse
372 2074 549 2157 putandus
576 2084 643 2152 est,
677 2096 763 2163 quos
798 2076 898 2170 modo
933 2095 1036 2142 verae
1071 2074 1179 2165 laudis
1208 2086 1367 2159 expertes

211 2211 212 2242 2
264 2192 500 2272 nominaverat,
523 2193 587 2257 sed
607 2176 670 2257 sibi
690 2194 802 2278 potius
824 2214 846 2258 a
868 2196 986 2279 quovis
1008 2216 1083 2260 oum
1106 2191 1289 2283 levissimis¹
1304 2188 1366 2259 ho·

264 2312 388 2378 minibus
421 2312 628 2379 commercio
659 2311 891 2377 abstinendum
917 2298 996 2379 esse
1024 2310 1221 2380 declaravit.
1265 2312 1365 2387 Quod

211 2489 212 2502 ,
263 2430 345 2513 igitur
356 2430 483 2499 Cicero
495 2432 541 2496 ita
551 2430 625 2496 fere
641 2432 887 2515 expressisset:
909 2453 1049 2512 „eorum
1061 2432 1232 2495 orationes
1250 2431 1363 2498 sciens

264 2547 303 2613 rel
321 2551 474 2635 prudens
496 2560 675 2637 praetereo
684 2557 706 2590 “
726 2549 760 2614 id
782 2550 897 2634 prisco
921 2550 1026 2615 verbo
1052 2544 1136 2614 Cato
1157 2548 1290 2641 videtur
1312 2548 1363 2641 ‹li7

263 2668 354 2733 nisse:
693 2672 697 2680 '
863 2750 867 2758 Ι
981 2661 985 2671 ⁴

294 2809 397 2852 aarum
419 2809 480 2877 eqo
501 2785 664 2851 orationes
683 2771 777 2850 sibe*
787 2794 970 2875 praetereo.

264 2920 365 2990 Sibus
387 2925 491 3003 enim
513 2933 549 2988 ut
570 2923 617 2987 ait
638 2922 762 2990 Paulus
784 2945 811 2990 s.
833 2945 882 3006 v.,
915 2932 969 2986 est
989 2919 1129 2988 callidus
1150 2919 1211 3020 vel·
1226 2930 1358 2988 acutus.
1393 2881 1399 2930 Ε

770 3109 831 3184 32.
1373 3129 1397 3195 3

298 3243 395 3349 llrgo
417 3245 549 3324 securi
569 3245 680 3344 etiarn
703 3255 833 3322 conba
849 3245 1131 3346 vitilitigatores,
1154 3266 1247 3342 quot
1262 3242 1355 3318 cato

299 3386 486 3486 eleganter
501 3410 551 3460 ox
564 3383 662 3459 vitiis
680 3393 718 3459 et
733 3382 977 3483 litigatoribus
993 3379 1199 3482 composuit
1222 3379 1356 3485 [quid

299 3523 409 3598 enim
442 3521 521 3598 illi
550 3521 678 3597 aliud
718 3544 846 3620 qnam
885 3518 1081 3619 litigant
1113 3529 1190 3598 aut
1221 3519 1355 3599 litem

298 3657 576 3762 quaerunti]
604 3681 855 3756 exsequemur
877 3656 1021 3757 reliqua
1046 3655 1241 3756 propositi.

325 3807 441 3876 Verba
462 3805 505 3875 in'
523 3809 718 3896 parenthesi
740 3809 852 3893 posita
877 3804 978 3874 valde
1004 3806 1190 3891 displicent
1233 3805 1352 3892 Neque

262 3927 328 3992 enim
348 3933 539 4017 quicunque
558 3929 689 4015 litigant
714 3926 980 4010 reprehensione
1007 3923 1096 4011 digni
1120 3932 1214 4005 sunt,
1245 3922 1308 3986 sed
1329 3921 1352 3986 ii

211 4124 212 4127 Ἴ
260 4049 364 4113 tantmn
382 4051 440 4136 qui
460 4051 602 4116 vitiosae
622 4047 827 4133 petulantiae
845 4046 1006 4129 serviunt,
1024 4063 1134 4129 neque
1149 4038 1350 4107 vocabulum

211 4194 212 4203 ¹
261 4163 474 4257 uitilib’potorcs
489 4170 557 4235 ‘sed
568 4167 819 4234 usitatissimum
837 4164 1015 4254 litipotorea
1029 4162 1227 4248 explicatur.
1250 4155 1362 4236 Quotl¹

211 4278 212 4287 ’
261 4298 326 4349 sane
344 4289 476 4354 minime
496 4289 686 4373 oportebat.
728 4286 871 4352 Accedit
891 4284 981 4370 qood
1001 4283 1034 4348 in
1046 4282 1217 4368 plerisque
1238 4291 1272 4346 et
1292 4300 1348 4346 an·

259 4397 430 4484 tiquissimts
453 4408 625 4475 codicibus
648 4427 714 4472 non
727 4405 777 4470 illi
787 4405 852 4470 sed
863 4401 948 4468 illud
968 4403 1138 4470 scribitur.
1175 4401 1243 4466 lam
1264 4420 1347 4466 vero

261 4516 324 4586 nihil
351 4522 558 4612 frequentius
588 4524 717 4594 facturn
744 4535 813 4608 est,
846 4539 945 4607 quam
974 4531 1010 4586 ut
1040 4519 1217 4607 glossulis,
1240 4541 1348 4616 nouae,

262 4653 341 4717 quun
360 4644 393 4710 in
413 4645 600 4733 archetypo
623 4645 697 4720 sive
722 4643 767 4712 ad
788 4641 974 4727 margmern
999 4641 1072 4708 siva
1100 4659 1206 4726 supra
1226 4638 1348 4709 lineam
