3700 5625
689 778 789 844 ,Liber
799 780 921 842 XVIII.

700 1010 749 1082 78
774 1041 811 1074 =
838 1009 933 1096 7,18.

315 1136 432 1216 Grano
465 1137 636 1232 (hordei)
672 1139 745 1238 ipsi
770 1137 909 1239 aliquot
937 1140 1179 1230 diti'ereutiae3
1218 1138 1366 1237 lougius

227 1336 231 1342 ,
315 1267 508 1370 leviusque
544 1277 607 1348 aut
638 1271 791 1348 brevius
827 1280 890 1348 aut
916 1272 1132 1361 rotundius,
1174 1272 1366 1347 candidius

314 1404 527 1503 nigriusque
554 1402 614 1480 vel
633 1387 700 1488 'uui
729 1426 888 1502 purpura
915 1411 993 1501 est3
1017 1401 1147 1480 'ultimo
1164 1405 1211 1479 ad
1236 1403 1367 1504 poleu-
1414 1413 1417 1422 '

312 1543 392 1626 tam,
421 1543 548 1612 contra
563 1543 803 1636 tempestates
827 1536 985 1614 candido
999 1535 1365 1615 maximaiufirruitss.

343 1667 464 1732 Rerum
486 1688 703 1754 generumque
736 1689 819 1754 quae
841 1669 871 1733 h.
894 1670 914 1736 l.
937 1670 1138 1733 oumulantur
1159 1671 1251 1755 oopia
1270 1669 1366 1735 libra·
1481 1719 1484 1726 -

207 1768 208 1827 ἶ
271 1786 326 1849 rios
346 1785 550 1870 perturbatos
571 1804 644 1849 esse
665 1767 730 1848 non
753 1792 802 1849 est
823 1785 908 1870 quod
929 1787 1090 1868 miremur,
1113 1788 1242 1852 utviros
1255 1787 1366 1851 doetos

271 1909 334 1986 post
362 1901 607 1986 Doleoampium
635 1909 668 1966 et
696 1900 881 1967 Pintianum
907 1903 1163 1988 Theophrastum
1186 1902 1272 1968 VIH.
1290 1905 1324 1971 ¹4.
1346 1905 1367 1976 2

272 2018 305 2082 sd
323 2013 575 2084 ‘emendandum
601 1993 741 2082 Plinium
773 2043 837 2087 non
859 2019 1058 2102 adhibuisse,
1097 2019 1253 2105 Silligium
1290 2042 1365 2086 vero

271 2137 436 2223 Ianumque
458 2136 748 2222 interpunctionem
779 2135 825 2199 ita
845 2142 989 2200 mutasse
1021 2145 1057 2200 ut
1084 2137 1135 2200 tel
1163 2139 1263 2202 maior
1290 2137 1365 2202 inde
1411 2151 1414 2156 '

271 2261 405 2318 ororetur
438 2254 607 2318 verborum
640 2253 784 2318 oonfusio
817 2256 894 2318 satis
930 2255 1039 2318 mirari
1072 2273 1208 2339 nequeo.
1258 2257 1365 2339 Atque

271 2370 502 2456 Theophrastus
534 2369 646 2435 hordei
678 2392 779 2455 grana
811 2371 959 2436 bifariam
990 2371 1094 2434 forms
1125 2377 1157 2435 et
1185 2371 1290 2435 oolore
1321 2371 1367 2436 ita·

1388 1106 1450 1173 349

272 2487 435 2552 distribuit:
458 2492 516 2553 καὶ
534 2485 646 2553 αὐτῶν
668 2487 707 2552 δὲ
732 2493 798 2553 τῶν
818 2493 948 2576 spalda
967 2487 1003 2552 ul
1018 2489 1079 2570 μὲν
1092 2489 1367 2576 συρογγυλότεραι

271 2611 319 2670 καλ
338 2601 495 2680 ἐλάττους
516 2602 552 2668 αλ
574 2604 613 2669 δὲ
634 2608 897 2690 προμηκέπεραι
914 2611 971 2700 κοιλ
996 2606 1129 2689 μείζους
1149 2609 1206 2669 καὶ
1225 2604 1366 2688 μανότε-

271 2747 320 2814 ροι
338 2722 423 2786 κατὰ
445 2721 505 2786 τὸν
528 2718 662 2803 στάχυν.
691 2718 740 2786 ἔτι
762 2721 800 2786 δὲ
822 2721 858 2786 αἱ
878 2724 940 2804 μὲν
960 2723 1076 2787 λευκαὶ
1098 2721 1133 2786 αἱ
1154 2722 1192 2787 δὲ
1210 2724 1367 2804 μέλαιναι

270 2844 318 2903 soi
329 2830 669 2925 ἕπιπορφυρίζουσαι,
683 2840 782 2925 αἵπερ
795 2840 1090 2936 καλπολυάλφιυοι
1102 2840 1262 2929 δοκοῦσιν
1279 2836 1366 2904 εἶναι

270 2956 419 3045 καὶπρὸς
439 2954 518 3031 τούς
539 2961 703 3039 χειμῶνας
725 2956 763 3022 δὲ
784 2964 840 3021 καὶ
860 2958 901 3021 τὰ
924 2958 1113 3040 πνεύματα“
1126 2962 1182 3021 καὶ
1203 2953 1287 3031 ὅλως
1307 2955 1366 3027 τὸν

271 3068 346 3159 ἀέρα
365 3081 432 3138 τῶν
453 3074 579 3138 λευκῶν
600 3070 822 3159 ἰσχυρότεραι.
867 3072 1035 3160 Sequitur,
1057 3073 1143 3159 apud
1160 3064 1299 3136 Plinium
1321 3073 1365 3136 al-

271 3195 362 3251 teram
389 3188 579 3274 pnrtieulem
608 3179 667 3253 'out
686 3189 720 3252 in
743 3190 892 3274 populum
915 3204 943 3255 et
968 3190 1155 3255 mutandam
1175 3209 1262 3271 esse;
1291 3209 1366 3252 nam
1395 3190 1398 3195 '
1437 3234 1439 3241 >

272 3304 419 3370 udieotim
435 3311 555 3383 tonpius
582 3305 706 3370 Graues
726 3311 991 3395 προμηκὲπεραι
1018 3314 1075 3373 καὶ
1099 3309 1250 3390 μείζους,
1287 3306 1365 3370 iooe

271 3426 410 3501 leviusque
445 3441 541 3507 qnam
573 3423 657 3486 male
679 3424 843 3489 Straolrius
878 3445 958 3490 vooe
988 3424 1179 3489 Germanica
1208 3424 1365 3508 ,glaetter‘

272 3535 489 3623 interpretatus
511 3545 576 3621 est,
606 3539 753 3623 proxima
773 3546 829 3605 καὶ
849 3528 1032 3631 μανότεραι
1053 3542 1137 3606 κατὰ
1158 3541 1224 3629 τὸυ
1241 3538 1366 3635 στάχυν

274 3654 509 3719 transferuntur:
544 3662 655 3719 contra
681 3658 714 3719 in
747 3649 787 3720 iis
815 3677 897 3744 quaa
926 3663 1103 3744 sequuntur
1136 3658 1283 3743 oopulam
1310 3676 1367 3735 que

274 3769 408 3835 vitiosam
427 3790 500 3835 esse
528 3773 664 3857 quaein
687 3772 796 3837 oodioe
820 3778 842 3835 l)
865 3776 933 3839 solo
955 3775 1126 3860 reperitur,
1156 3773 1272 3838 deinde
1293 3794 1366 3867 pro-

274 3886 365 3951 ximas
385 3908 482 3953 voees
503 3887 550 3952 ita
566 3889 770 3975 corrigendas
794 3911 865 3955 esso
887 3899 923 3954 ut
934 3892 1059 3956 sublato
1078 3878 1170 3955 tertio
1185 3892 1238 3955 illo
1261 3866 1367 3955 oolore

276 4002 345 4068 ulter
363 4025 596 4091 purpurasoere
619 4006 756 4090 dicatur,
791 4007 876 4092 quod
897 4006 983 4078 facili
1015 4014 1046 4071 et
1068 4008 1156 4071 nulla
1176 4010 1242 4071 iere
1263 4012 1366 4082 muta·

276 4116 351 4183 tione
371 4121 518 4203 officitur,
541 4122 569 4185 si
590 4121 740 4207 legimus:
763 4128 916 4201 nipriusoe
934 4131 1011 4187 uelut
1026 4145 1179 4204 purpura.
1201 4100 1366 4201 Postremo

277 4233 383 4319 nigrius
402 4236 560 4303 hordeum
582 4238 718 4303 oandido
741 4238 865 4304 duabus
878 4240 975 4305 rebus
992 4247 1149 4326 praestat,
1175 4234 1313 4304 utilitate
1335 4248 1368 4303 et
1415 4272 1418 4277 Δ
1476 4216 1478 4219 ¹

261 4348 424 4419 trinitate·
465 4355 608 4420 Alteram
630 4351 871 4440 Theophrastus
893 4378 971 4422 vooe
997 4360 1222 4445 πολυάλφιτοι
1243 4356 1367 4423 indica·

278 4465 324 4548 vit,
334 4469 451 4535 Plinius
465 4473 619 4557 proximis
633 4474 739 4538 verbis
753 4473 904 4556 definivit,
924 4495 1006 4560 quae
1020 4476 1066 4539 sio
1079 4482 1171 4539 erunt
1183 4474 1365 4551 scribenda:

279 4592 510 4653 astutissimam
532 4596 576 4653 ud
594 4597 753 4675 polentam,
775 4593 908 4674 alteram
929 4592 1055 4657 oodioes
1073 4600 1159 4658 reote
1174 4592 1366 4659 describunt.
1439 4652 1440 4657 ,

280 4696 386 4769 Quibus
401 4706 642 4793 eomprehensis
665 4729 740 4773 eoos
763 4708 840 4773 talia
861 4710 957 4773 Plinii
977 4709 1076 4773 verba
1097 4709 1271 4796 prodeunt:
1300 4768 1326 4781 ,.
1355 4772 1356 4777 ,
