3700 5625
682 579 782 645 Liber
802 579 879 644 XV.
1276 563 1339 640 189

245 769 317 833 male
327 768 476 853 Silligias
494 767 648 835 distinxit.
672 764 808 831 Scilicet
823 764 954 828 tertium
969 783 1076 845 genas
1093 774 1146 827 est
1159 760 1338 827 Gallicurnt

245 892 342 973 itaque
366 887 504 973 gravior
530 898 608 970 post
635 885 811 975 depenerat
841 883 1063 969 interpunctio
1097 881 1243 948 tollenda
1276 883 1339 946 erit

197 970 199 1059 l
245 1027 306 1070 eum
319 1005 504 1088 Hardnino,
526 1004 703 1090 quitamen
727 1013 803 1088 post
824 1003 952 1066 setania
977 999 1103 1087 plenius
1124 1000 1338 1085 interpunxit.

557 1271 564 1280 .
658 1173 840 1269 88:⁶22,
856 1171 918 1248 24.
1356 1189 1420 1254 ‘250

196 1280 199 1317 ᾗ
285 1357 317 1369 -
342 1313 381 1387 in
391 1311 520 1388 Asiam
534 1310 979 1410 GraeciamqueePonto
1005 1333 1162 1384 venere
1186 1319 1230 1384 et
1253 1306 1338 1384 ideo

197 1498 199 1549 ᾗ
285 1449 394 1548 quod
423 1447 604 1523 Ponticae
630 1471 746 1522 nuces
773 1457 963 1523 vocantur.

196 1550 198 1641 l
314 1585 362 1648 lta
385 1582 535 1670 Siliigius
562 1585 701 1650 ecodd.
723 1585 774 1648 ad
801 1583 947 1668 scripsit·
1001 1582 1047 1648 Ar
1068 1602 1151 1648 vero
1174 1603 1242 1648 non
1266 1602 1342 1667 pro·

197 1692 198 1695 ¹
245 1714 347 1785 pterea
368 1704 403 1766 in
424 1702 543 1766 Asiam
562 1714 728 1767 venerunt
747 1722 867 1780 nuces,
890 1703 965 1786 quia
989 1698 1150 1766 Ponticae
1170 1698 1341 1784 appellan-

246 1834 298 1904 tur,
318 1821 380 1884 sed
400 1820 524 1906 ubique
548 1820 710 1884 Ponticae
730 1831 904 1898 vocantur,
927 1818 1003 1904 quia
1031 1838 1049 1882 e
1076 1818 1183 1882 Ponto
1203 1838 1340 1886 venere.

245 1939 284 2002 lta
304 1940 333 2026 §.
344 1939 399 2003 51.
420 1937 508 2003 ntala
527 1918 599 2016 '„in
619 1937 723 2023 Epiro
752 1938 891 2021 primam
917 1936 1117 2020 provenisse
1144 1947 1341 2019 argumento

246 2069 308 2120 sont
328 2056 456 2121 Graeci
475 2057 533 2142 qui
554 2053 724 2141 Epirotica
745 2062 905 2120 vocant“.
951 2054 1032 2119 Sine
1056 2054 1154 2119 dubio
1176 2055 1274 2139 igitur
1295 2054 1341 2120 le·

247 2178 299 2239 ctio
315 2177 390 2241 cod.
413 2175 441 2239 'l'
461 2197 524 2271 que
544 2175 736 2260 recipienda
759 2183 831 2248 est;
862 2180 894 2234 ct
924 2182 1035 2238 autern
1057 2173 1147 2259 quod
1168 2173 1343 2258 praecedit

197 2348 198 2383 3
246 2295 476 2380 ecompendio
500 2292 644 2380 perfecti
662 2303 777 2357 venem
793 2289 918 2356 factam
938 2303 998 2358 est.
1038 2293 1155 2380 ltaque
1176 2294 1343 2358 scribatur

247 2425 382 2498 oportet:

367 2572 409 2586 -
434 2533 578 2598 ePonto
598 2543 777 2598 venerum
798 2533 949 2629 &eoque
969 2535 1126 2600 Ponticae
1154 2536 1210 2600 rel.

660 2704 711 2778 97
724 2739 762 2770 =
777 2706 839 2798 24,
856 2706 917 2780 27.
1362 2726 1421 2792 251

289 2842 480 2917 Minimum
510 2841 547 2915 in
577 2842 646 2917 hac
674 2842 806 2916 arbore
833 2842 981 2943 (moro)
1010 2840 1155 2943 ingenia
1178 2847 1345 2944 protere:

290 2993 389 3074 runt,
419 3004 489 3055 nec
516 2980 722 3055 nominibus
748 3005 817 3055 nec
851 2978 1007 3057 insitis
1041 3006 1110 3056 nec
1137 2982 1208 3059 alio
1237 2984 1345 3058 modo

197 3116 199 3129 '
291 3142 394 3215 qoam
419 3116 520 3218 pomi
543 3116 810 3215 magnitudine3
830 3113 1007 3191 differunt
1032 3140 1135 3192 mora
1158 3116 1348 3192 Ostiensia

292 3263 326 3325 et
347 3253 563 3327 Tusculana
588 3250 743 3327 Romae.

322 3388 454 3451 Vocem
482 3386 588 3450 insitis
615 3386 856 3473 Dalecampius
883 3408 1076 3475 corruptam
1099 3408 1178 3455 esse
1202 3388 1349 3454 animad-

197 3523 198 3528 ’
254 3507 337 3570 vertit
363 3517 465 3592 atque
491 3506 594 3569 insitu
618 3507 769 3572 coniecit.
823 3507 933 3581 Quum
961 3527 1136 3572 veronen
1162 3508 1204 3573 de
1233 3519 1349 3575 certae

198 3641 199 3644 ¹
256 3624 412 3687 cuiusdam
439 3624 572 3687 arboris
594 3623 748 3687 insitione
773 3623 862 3688 velut
881 3623 975 3710 §.52
997 3646 1108 3691 sermo
1131 3627 1189 3705 sit,
1218 3627 1350 3693 litteras

196 3733 199 3738 ’
256 3742 350 3820 potius
373 3741 553 3807 nonnullas
582 3742 751 3807 excidisse
778 3743 936 3821 arbitror,
965 3744 1084 3829 quibus
1110 3746 1274 3831 suppletis
1296 3747 1349 3809 in-

198 3854 199 3885 ³
257 3860 409 3925 titionibus
431 3864 493 3926 erit
516 3863 742 3930 scribendum.
787 3864 856 3927 Sed
878 3862 1018 3928 alterum
1041 3866 1138 3929 etiam
1162 3866 1271 3929 vitium
1294 3885 1350 3929 re-

259 3990 320 4045 stat.
360 3982 515 4065 Namque
534 4003 645 4067 neque
667 3984 756 4066 pomi
771 3984 998 4069 magnitudine
1012 3984 1144 4068 ingenia
1163 3984 1351 4068 proficiunt,

258 4115 350 4184 neque
371 4099 551 4165 verisimile
574 4116 638 4185 est,
660 4101 875 4166 differentiam
900 4123 986 4189 quae
1008 4105 1095 4168 inter
1108 4125 1200 4169 mora
1215 4104 1351 4170 Ostien-

256 4215 297 4279 sia
318 4229 349 4282 et
368 4217 561 4283 Tusculana
586 4221 618 4282 io
646 4232 793 4283 mercatu
815 4219 969 4284 Ronmno
990 4220 1105 4300 luerit,
1136 4224 1224 4308 tangi
1253 4225 1351 4288 modo

256 4353 310 4399 nec
338 4338 495 4402 describi.
547 4336 732 4423 Utrumque
757 4338 1026 4422 interpunctione
1056 4341 1087 4404 in
1111 4340 1197 4407 huric
1222 4343 1352 4407 modum

256 4467 366 4522 mutata
388 4457 577 4522 sanabitur:

291 4574 572 4655 insitionibus,
602 4596 662 4637 acc
690 4573 755 4637 alio
781 4575 875 4638 inodo
901 4598 1000 4670 quum
1020 4539 1109 4664 ponti
1129 4579 1355 4668 iacynitutline

293 4689 444 4779 differunt
465 4717 558 4759 moro
580 4696 646 4760 oar.
668 4704 701 4758 ct
726 4694 821 4758 Tuae.
846 4696 992 4777 Romae‚·
