3700 5625
497 545 560 616 112
957 547 1059 616 hiller
1078 549 1145 618 Vt.

496 735 597 822 igitur
619 735 685 803 duo
705 728 954 823 negotiatorum
976 736 1109 824 agroino
1129 739 1313 806 convenire
1335 753 1469 821 narrat,
1491 763 1608 811 corum

497 863 553 949 qui
575 883 596 927 a
618 862 711 928 Gara
735 859 845 944 etqui
868 855 1024 942 Palmyra
1053 867 1227 924 venerunt.
1277 858 1351 926 llos
1370 871 1496 942 aotam,
1526 885 1609 951 quo·

496 983 597 1049 modo
623 979 697 1046 lere
726 977 913 1045 orationem
938 976 1073 1043 variare
1099 975 1206 1058 solet,
1233 977 1280 1044 ita
1301 994 1544 1048 commemorat
1562 995 1609 1064 ut,

497 1123 597 1190 quum
630 1099 771 1187 primum
806 1117 827 1162 a
859 1097 956 1162 litore
988 1095 1109 1181 Syriae
1142 1095 1332 1182 Palmyram
1365 1101 1608 1184 accessissent,

496 1209 617 1288 tleinile
637 1219 843 1286 Damascum
866 1235 907 1280 ao
928 1213 1062 1279 Petram
1084 1224 1202 1299 petere
1224 1216 1344 1285 madal.
1387 1218 1609 1286 scribendum

496 1351 549 1407 est
571 1340 679 1424 igitur·
693 1357 757 1424 pro
782 1343 844 1416 „et
864 1331 996 1420 Syrio“
1018 1355 1037 1397 e
1057 1331 1157 1420 Syria
1177 1354 1233 1402 sot
1249 1337 1421 1406 maritima.
1465 1339 1611 1426 Reliqua

496 1460 596 1525 otiam
622 1459 668 1522 ita
694 1467 731 1522 ut
751 1474 840 1522 nunc
867 1453 1026 1538 leguntur
1047 1450 1136 1518 falsa
1156 1473 1235 1520 esse
1254 1455 1342 1522 idem
1364 1457 1608 1533 Quatrcmarus

495 1577 668 1656 intellexit,
689 1595 805 1641 verum
823 1576 864 1640 de
880 1575 987 1660 ipsius
1000 1574 1177 1660 scriptoris
1190 1593 1306 1640 errore
1320 1577 1492 1661 cogitavit,
1509 1600 1607 1666 quem

494 1718 558 1764 nos
585 1696 730 1763 librariis
756 1695 966 1782 tribuendum
992 1715 1071 1762 aesc
1093 1693 1306 1762 coniccimus.
1357 1693 1517 1762 Ceterum
1539 1717 1608 1764 mo·

494 1839 577 1884 nere
599 1837 708 1902 paone
738 1811 859 1880 oblitus
885 1834 995 1894 eram,
1019 1835 1082 1901 pro
1107 1811 1305 1879 Thumatom
1333 1834 1353 1879 a
1377 1815 1475 1882 oodrl.
1496 1815 1608 1884 Re'l'd

494 1937 673 2025 legendum
700 1954 779 2001 esse
810 1932 1016 1999 Dumotlma
1046 1947 1145 2025 quam
1177 1931 1318 1997 formem
1351 1943 1385 1999 et
1411 1933 1608 2020 Stephanus

493 2056 679 2144 Byzantius
706 2066 740 2122 et
757 2054 973 2121 Ptolemaeus
996 2052 1036 2120 V.
1055 2053 1105 2120 19.
1121 2053 1153 2117 7.
1173 2051 1292 2118 leviter
1311 2065 1505 2138 corruptam
1526 2055 1607 2124 Δού·

492 2195 582 2266 pepo
603 2169 623 2258 ἢ
643 2175 819 2262 Δούμαιᾷα
839 2179 932 2260 (nam
952 2162 1006 2238 hio
1027 2171 1123 2239 locus
1143 2191 1252 2258 neque
1264 2172 1321 2238 Vl.
1331 2172 1363 2236 7.
1376 2170 1430 2251 33,
1451 2173 1606 2240 uhiAra·

493 2298 569 2364 biae
591 2294 701 2362 felicis
722 2293 881 2380 oppidum
900 2293 1101 2378 nominatur,
1121 2291 1308 2358 laudandus
1332 2302 1406 2358 crat
1426 2291 1606 2380 aSilligio)

494 2415 663 2482 exhibent.

1008 2528 1095 2606 14⁷.

416 2569 476 2636 ¹3⁷
544 2669 653 2748 Nunc
676 2665 878 2744 acharaco
901 2663 1097 2744 dicimus
1121 2690 1223 2743 oram
1235 2665 1422 2766 Epiphani
1443 2665 1605 2766 primum

545 2804 778 2907 exquisitam.
837 2805 986 2902 Locum
1020 2803 1083 2881 ubi
1117 2801 1322 2904 Euphratis
1356 2803 1490 2881 ostium
1521 2803 1604 2900 luit,

542 2942 682 3023 flumen
708 2944 874 3038 Salsum,
900 2940 1193 3045 promontorium
1220 2942 1431 3037 ehaldono,
1467 2966 1605 3019 vora·

541 3078 638 3183 gini
662 3079 885 3177 similius,
913 3106 1041 3182 quam
1067 3078 1181 3156 mari
1204 3104 1287 3178 por
1313 3078 1452 3181 LMp.
1475 3104 1603 3175 orae,

538 3219 678 3296 flumen
701 3219 895 3296 Achenum
926 3225 989 3295 rel.
1102 3286 1107 3295 .

494 3370 497 3377 ’
574 3367 714 3437 Duobus
743 3372 851 3436 modis
877 3371 920 3437 ad
951 3387 1106 3454 eaquae
1133 3368 1350 3455 expositurus
1377 3380 1445 3449 est,
1475 3366 1603 3435 Plinius

490 3472 663 3553 transitum
689 3500 802 3574 parat,
832 3489 905 3556 sive
938 3488 1151 3552 coniunctivo
1171 3488 1365 3573 praesentis
1392 3489 1467 3555 siva
1489 3487 1602 3555 loturo

488 3606 657 3672 indicativi
680 3627 772 3673 usus.
815 3608 875 3687 lta,
897 3617 934 3672 ut
954 3609 986 3673 in
1007 3607 1169 3693 proximis
1193 3606 1386 3691 subsistam,
1408 3606 1438 3694 §.
1452 3606 1524 3677 106.
1543 3608 1601 3676 lin.

488 3725 669 3810 repetitur:
698 3735 919 3804 revertemur,
948 3702 1100 3792 dicemus
1122 3725 1151 3813 §.
1174 3723 1245 3805 116,
1270 3726 1448 3792 conveniat
1476 3724 1507 3813 §.
1529 3726 1601 3793 127.

489 3845 642 3911 dicantur
661 3844 733 3924 157,
757 3865 1000 3931 persequemur
1015 3844 1086 3911 163.
1115 3846 1312 3931 lndica'tivo
1334 3863 1417 3911 vero
1440 3863 1602 3930 praesen·

488 3965 529 4032 tis
552 3966 712 4031 abstinet:
741 3966 854 4051 itaque
879 3964 935 4029 hio
956 3958 1169 4032 scribendum
1192 3965 1270 4031 crite
1297 3963 1482 4031 dicemur.
1525 3964 1601 4031 Sci·

486 4082 566 4149 licet
586 4084 618 4152 in
641 4082 903 4170 protarohotypo
926 4082 1037 4151 iuerat
1060 4106 1191 4164 riorum,
1215 4083 1413 4168 permutatis
1435 4082 1558 4149 litteris
1580 4104 1600 4146 r

486 4212 520 4267 et
532 4222 553 4267 1.
593 4199 749 4267 Ceterum
771 4200 826 4268 hic
851 4223 984 4289 quoque
1005 4204 1184 4269 verborum
1207 4203 1290 4267 ordo
1305 4203 1521 4287 perturbatus
1538 4212 1600 4271 est.

484 4320 570 4385 Nam
591 4321 853 4406 promontorium
873 4342 938 4389 nec
958 4324 1043 4389 mari
1063 4333 1121 4389 aut
1134 4322 1287 4409 voragini
1306 4319 1412 4387 simile
1434 4319 1599 4406 appellari

484 4458 550 4506 nec
572 4458 635 4525 par
654 4438 683 4505 L
704 4439 741 4504 Μ
753 4463 786 4525 p.
811 4441 947 4508 extendi
967 4440 1081 4526 potuit.
1124 4442 1171 4509 At
1192 4452 1312 4509 contra
1332 4442 1426 4507 circa
1444 4436 1598 4525 Euphra·

484 4558 527 4626 tis
547 4557 667 4627 ostium
692 4557 834 4645 paludes
859 4561 902 4627 ab
930 4569 1072 4646 utraque
1099 4572 1196 4646 parte
1218 4559 1285 4629 lato
1307 4562 1458 4646 patuisse
1479 4571 1596 4627 notum
