3700 5625
452 790 516 861 246
869 790 959 856 liter
972 785 1146 861 mm

451 1003 538 1077 pone
558 1012 587 1055 v.
600 988 843 1077 ,appellabatur
864 993 1082 1075 eolloeaverie‚
1103 1010 1143 1058 ea
1165 1012 1259 1081 quem
1272 994 1408 1081 seriptor
1429 996 1559 1063 effoeta

452 1110 499 1173 vit
523 1108 680 1174 sermonis
708 1109 870 1196 elegantia
895 1108 1045 1175 noanon
1069 1108 1269 1197 dignissima.
1318 1110 1436 1181 Deleta
1462 1110 1560 1201 igitur

453 1246 532 1291 rooe
554 1226 679 1308 ,nodua‘
698 1226 745 1293 ita
765 1226 912 1313 proeedit
935 1227 1054 1292 oratio:

493 1348 513 1407 i.
537 1364 565 1408 o.
592 1350 662 1409 auti
683 1364 781 1411 aenaea
801 1352 818 1410 i.
840 1366 876 1409 m.
898 1367 924 1412 r.
943 1364 976 1425 p.
998 1360 1085 1427 raro,
1108 1364 1164 1411 nee
1184 1348 1242 1411 nisi
1263 1350 1283 1411 t.
1305 1368 1334 1411 a.
1356 1366 1384 1411 a.
1408 1368 1435 1412 a.

369 1498 432 1567 837
876 1505 924 1576 57
939 1535 972 1566 =
986 1496 1135 1577 ibidem.

499 1672 548 1685 -
575 1630 706 1709 duritia
719 1626 976 1711 inenarrabilis
992 1637 1049 1709 est
1065 1612 1248 1732 simulque
1268 1630 1410 1733 ignium
1427 1630 1558 1711 victrix

501 1769 633 1841 nature
648 1807 709 1854 -,
735 1762 835 1841 unde
862 1769 900 1841 et
925 1787 1062 1845 nomen
1089 1763 1401 1865 interpretatione
1418 1762 1559 1845 Graeca

501 1896 694 1991 [indomita
718 1898 789 2004 vis]
816 1895 972 1998 aceepit.

531 2028 773 2095 Nomiuativum
793 2050 852 2117 par
871 2050 909 2096 ae
929 2030 1165 2117 ineptissimum
1185 2028 1231 2094 ad
1249 2030 1440 2097 oorreotoria
1461 2030 1558 2097 inter·

450 2147 663 2234 pretationem
674 2147 880 2213 referendum
896 2168 970 2214 ease
981 2148 1053 2233 quie
1070 2146 1218 2213 dubitet?
1239 2145 1331 2223 Quae
1348 2162 1447 2234 quum
1464 2148 1559 2213 etiem

451 2264 538 2351 opud
562 2264 722 2348 Ipidorum
743 2264 833 2331 XVI.
856 2266 896 2333 13
929 2266 1123 2353 reperiatur,
1158 2264 1202 2329 ad
1230 2264 1362 2355 antiqua
1390 2264 1559 2331 referenda

450 2404 523 2451 aare
545 2382 766 2451 additamenta
791 2383 944 2467 effioitur,
973 2403 1056 2469 quae
1076 2388 1182 2465 reete,
1209 2382 1401 2467 uiuidior,
1431 2382 1557 2451 sueonie

450 2507 565 2588 quarto
593 2502 765 2587 assignavi.
807 2501 847 2568 V.
870 2512 899 2566 et
919 2522 992 2567 oum
1014 2504 1039 2566 B
1063 2500 1241 2567 omittenda
1262 2508 1320 2566 eet.

367 2659 430 2729 888
714 2658 930 2745 63:5‚1o
961 2656 1030 2751 (de
1056 2652 1299 2755 smaragdis).

498 2784 698 2865 Praeterea
722 2783 930 2890 longinquo
956 2786 1225 2890 amplificantur
1243 2786 1326 2865 visu
1351 2786 1558 2866 inficientes
1664 2823 1665 2836 Ν

501 2921 599 3000 eirea
626 2944 668 2999 se
695 2943 957 3022 repercussum
983 2945 1069 3000 aera
1095 2921 1161 3000 rel.

490 3055 567 3122 'Pria
578 3074 700 3142 genera
713 3053 955 3142 smaragdorum
971 3066 1063 3132 (nam
1080 3054 1293 3141 ,emaregdua‘
1313 3074 1380 3120 uon
1402 3073 1557 3142 ,ωιτη-

450 3175 520 3243 dua‘
545 3193 586 3238 ea
603 3193 733 3260 gemma
752 3171 1032 3260 inBappellatur)
1052 3170 1218 3261 distinguit
1229 3170 1364 3256 Plinius,
1385 3190 1559 3254 sauvezea,

448 3312 616 3374 concavos,
637 3290 768 3377 planos,
790 3310 870 3375 quos
893 3296 1043 3356 extentos
1065 3296 1171 3373 vocat,
1191 3290 1333 3376 itemque
1356 3288 1488 3369 Solinus
1510 3291 1558 3358 15.

449 3407 594 3474 Conveni
615 3414 723 3473 autem
747 3405 971 3473 deseribuntur
992 3426 1032 3472 ea
1053 3407 1094 3472 de
1116 3428 1181 3493 qua
1203 3408 1362 3494 loquimur
1386 3409 1558 3490 sententia,

369 3607 375 3619 ,
448 3525 653 3592 nominantur
674 3523 819 3589 aSolino
838 3530 966 3607 pletori,
990 3521 1076 3611 quod
1096 3525 1288 3590 rotabulum
1310 3543 1395 3610 pone
1416 3546 1445 3591 v.
1464 3545 1557 3606 prae·

447 3656 531 3709 terto
551 3645 736 3708 neeessario
757 3637 966 3708 inserendum
986 3650 1045 3708 eei.

362 3819 425 3888 839
495 3817 719 3896 semperque
760 3797 898 3874 sensim
923 3795 1111 3873 radiantes
1138 3803 1176 3872 et
1215 3793 1335 3872 visum
1361 3793 1557 3876 admitten-

493 3937 551 4007 tes
575 3929 624 4006 ad
647 3928 929 4007 erassitudinem
955 3929 1012 4006 sui
1038 3927 1212 4006 facilitate
1237 3919 1466 4006 translucida
1490 3930 1556 4009 rel.

526 4060 614 4136 Quid
636 4067 686 4126 eat
707 4062 820 4144 ,visum
842 4060 1046 4128 admittere‘i
1077 4061 1191 4147 Neque
1214 4074 1274 4146 ego
1299 4061 1365 4126 seio
1387 4077 1494 4148 neque
1516 4063 1556 4128 ab

446 4179 621 4246 editoribus
642 4179 796 4260 edoeeor,
818 4179 979 4266 verbaque
1002 4199 1041 4244 ea
1063 4196 1161 4266 quum
1180 4197 1245 4242 non
1268 4178 1301 4242 in
1324 4177 1350 4242 O
1370 4179 1476 4245 solum
1499 4181 1555 4247 red

445 4297 541 4362 etiam
563 4296 597 4360 in
618 4296 647 4360 B
668 4298 870 4376 omittantur,
900 4297 1015 4361 lubens
1038 4295 1255 4382 expungenda
1278 4313 1351 4360 ease
1379 4314 1555 4379 oeneerem,

443 4414 504 4479 nisi
526 4421 655 4500 praeter
682 4421 826 4479 veterum
847 4414 1005 4480 editorum
1033 4415 1131 4480 libros
1164 4413 1262 4478 etiam
1295 4413 1383 4500 apud
1405 4410 1552 4481 solinum

442 4532 463 4595 1.
485 4531 506 4595 l.
533 4531 615 4596 haee
651 4528 769 4617 seripta
801 4533 1011 4618 reperissem:
1054 4533 1240 4621 ,probentur
1262 4569 1303 4580 -
1345 4531 1370 4596 si
1406 4539 1555 4620 aspertus

442 4648 680 4715 transmittant.
722 4649 827 4726 Quam
850 4651 1042 4716 sententiam
1072 4649 1331 4737 interpunctione
1360 4657 1485 4718 mutata
1506 4651 1550 4718 ita

444 4763 576 4832 effioere
597 4765 725 4849 lieeret,
764 4775 801 4831 ut
833 4767 1051 4854 distinguendi
1085 4776 1194 4835 notam
1225 4785 1292 4834 ev.
1326 4764 1553 4852 ,affluitteutea‘
