3700 5625
693 712 812 828 ‚uec
839 760 931 826 rin.
1334 733 1375 824 73

280 978 344 1021 nem
366 962 452 1021 color
474 956 684 1039 restituisset,
705 957 739 1021 in
761 955 853 1023 codd.
881 960 944 1024 Θο
967 975 985 1020 e
1007 957 1111 1040 prima
1133 950 1297 1040 sequentis
1319 962 1374 1018 'vo-

280 1075 377 1142 cabuli
399 1074 507 1173 littera
531 1079 723 1159 corruptum.

482 1243 694 1330 47:3,1r.
724 1240 792 1331 (de
818 1239 922 1316 rubia
936 1261 1056 1317 sermo
1085 1246 1161 1332 est)
1273 1287 1323 1330 s·
1396 1254 1459 1325 389

322 1373 506 1474 Spinosus
533 1374 567 1449 ei
594 1369 708 1449 caulis
737 1417 782 1428 -
809 1414 856 1428 -
882 1393 1011 1448 semen
1035 1371 1114 1448 eius
1141 1372 1289 1456 rubrum
1306 1377 1374 1448 esi.

300 1505 422 1604 Quos
447 1505 485 1580 in
510 1504 695 1582 medicina
719 1528 809 1580 usus
824 1503 970 1596 habeat,
998 1505 1164 1582 dicemus
1182 1527 1251 1582 suo
1276 1502 1374 1582 loce.

351 1644 475 1704 rutrum
507 1637 674 1703 Hermolai
700 1635 837 1701 Barbari
865 1643 915 1701 est
943 1638 1143 1720 eoniectura,
1178 1637 1305 1702 codices
1334 1634 1376 1700 ad
1459 1714 1468 1719 -

280 1777 370 1821 unum
397 1776 511 1822 omnes
544 1755 665 1820 habent
696 1758 796 1818 rutra.
838 1753 991 1839 Magnam
1024 1761 1132 1820 autem
1160 1755 1226 1820 Sill.
1261 1755 1378 1820 collate

280 1872 471 1939 Dioscoridis
500 1872 642 1940 111.150
669 1849 884 1955 descriptione
910 1872 1125 1957 corruptelam
1154 1891 1189 1938 se
1218 1872 1377 1958 reperisse

280 1991 404 2076 putavit,
427 2009 523 2077 quem
536 1990 583 2054 ita
594 1988 663 2054 fere
681 1989 833 2054 correxit:
855 2007 953 2052 cernere
963 1995 1025 2054 eires
1043 1995 1148 2069 uiride,
1171 2001 1230 2055 tum
1244 1995 1376 2072 rutrum,

276 2121 419 2188 postremo
440 2112 560 2186 uiarum
582 2117 635 2171 est.
659 2111 760 2171 Rute'a
782 2126 857 2185 quor
876 2106 935 2170 rel.
950 2086 1011 2171 'At
1033 2125 1109 2172 vero
1132 2106 1193 2173 hoc
1215 2113 1264 2172 est
1279 2107 1377 2172 inter·

279 2227 392 2312 peiere,
412 2246 479 2290 non
501 2224 684 2290 emendare.
718 2223 897 2289 Modestius
918 2223 1017 2288 Ianus
1038 2229 1161 2288 rutrum
1184 2235 1236 2288 est.
1278 2225 1378 2288 Rubia

207 2364 208 2439 ᾗ
280 2365 350 2423 quos
377 2343 524 2408 coniecit.
565 2343 611 2406 At
636 2361 711 2407 vero
743 2361 809 2404 non
833 2337 964 2406 mbram
994 2340 1052 2406 sed
1079 2343 1206 2428 nigrum
1238 2341 1377 2407 fructum

234 2535 237 2538 ⁴
280 2462 382 2528 rubiae
402 2461 582 2546 perfectum
602 2479 675 2524 esse
696 2457 832 2523 traditur
852 2480 872 2523 a
892 2459 1098 2524 Dioseoride:
1120 2461 1229 2546 itaque
1251 2466 1326 2524 ante
1347 2478 1377 2524 v:

207 2634 208 2647 ,
280 2584 362 2644 rutio
383 2577 539 2643 nonnulla
559 2575 717 2640 excidisse
738 2583 881 2661 apparet,
903 2597 986 2662 quae
1007 2575 1048 2640 ad
1070 2597 1179 2641 semen
1199 2577 1220 2640 i.
1243 2596 1271 2642 e.
1292 2576 1376 2641 fruo-

281 2702 341 2759 tum
360 2697 552 2782 pertineant.
585 2691 711 2758 Deinde
731 2713 810 2758 voce
831 2675 922 2757 rudia
944 2667 1032 2758 color
1054 2693 1200 2760 diversus
1222 2693 1378 2759 contineri

281 2814 433 2901 putandus
461 2819 524 2878 est.
566 2810 680 2898 Neque
714 2810 816 2898 qualis
851 2809 947 2876 inerit
982 2793 1110 2879 difficile
1133 2814 1275 2879 inventu
1309 2815 1379 2895 erit,
1503 2882 1505 2886 Α
1575 2801 1584 2817 ’

207 2911 208 3005 l
283 2954 347 2998 cum
365 2930 580 3018 reputaveris,
613 2928 699 3015 epud
719 2928 942 2994 Dioscoridem
965 2930 1029 3015 legi
1057 2932 1236 3019 καρπὸν...
1256 2954 1379 2998 πεπαι-

207 3061 208 3134 l
283 3050 414 3135 νόμενον
433 3050 573 3133 μέλανα·
596 3043 705 3131 ῥίζα..
727 3040 856 3135 ἐρυθρὰ
877 3072 905 3111 κ.
927 3071 955 3111 τ.
977 3048 1006 3113 λ.
1049 3048 1145 3113 Haud
1167 3038 1380 3135 dubioigitur
1433 3066 1454 3141 ‚¹

284 3167 396 3233 Plinius
419 3165 561 3253 scripsit:
1033 3198 1038 3211 .

318 3305 411 3350 remen
432 3272 499 3348 eius
516 3288 635 3363 niumm
657 3289 716 3365 est,
737 3283 833 3345 radix
853 3284 958 3345 rubra.
988 3284 1071 3357 Quos
1086 3281 1143 3349 rel.

715 3449 763 3525 48
787 3470 828 3503 =
855 3449 952 3538 3,18.
1079 3446 1083 3457 ’

295 3672 301 3678 ,
330 3579 530 3676 (radicula)
561 3578 724 3657 nascitur
749 3578 876 3680 soliva⁴
889 3558 1026 3681 ubique
1041 3580 1108 3657 sed
1125 3589 1258 3682 sponte
1274 3604 1380 3684 pree·
1401 3494 1464 3569 390

207 3713 208 3758 ³
331 3712 704 3816 mmmAmml

326 3846 486 3912 Contraria
511 3849 586 3910 sunt
611 3846 710 3910 verba
734 3851 833 3910 sativa
853 3882 894 3893 -
913 3856 1034 3933 sponte,
1061 3850 1172 3927 utique
1194 3886 1230 3899 -
1254 3853 1285 3913 in
1308 3853 1382 3921 Aria

287 3963 390 4050 Itaque
417 3961 621 4031 scribendum
649 3971 699 4029 est
729 3969 967 4044 procmpue.·—
1009 3964 1124 4029 Finem
1146 3970 1260 4049 sensus
1282 3967 1380 4030 Ianus

207 4067 208 4136 l
289 4082 469 4147 emendavit.

712 4186 758 4259 49
785 4206 826 4237 =
853 4185 948 4273 4,19.

334 4312 594 4413 -antiquitas
620 4311 710 4389 nihil
735 4314 837 4414 prius
858 4309 990 4391 ‘mnata
1020 4286 1210 4411 esi'quem
1237 4310 1382 4411 Hespe-

336 4448 445 4525 ridum
469 4447 599 4525 hortos
624 4470 669 4523 ac
693 4470 825 4547 regum
849 4446 997 4523 Adonis
1025 4452 1062 4523 ct
1086 4444 1259 4537 Alcinoi,
1294 4446 1382 4522 item

339 4580 508 4678 pensiles,
545 4579 625 4656 sive
649 4577 734 4658 illos
760 4577 972 4680 Semiramis
1004 4576 1084 4655 sive
1111 4577 1290 4677 Assyriae
1315 4600 1383 4654 rex

339 4708 444 4809 Cyrus
468 4713 567 4791 iecit.
