3700 5625
700 768 797 832 diter
817 766 953 831 XXXV.
1319 765 1381 837 227

254 1049 257 1052 Ι
349 958 425 1025 ,Nili
444 980 561 1046 aquam
582 962 726 1029 marinae
747 960 993 1026 dissimillimam
1009 980 1082 1029 eene
1099 962 1169 1049 quie
1187 964 1312 1027 nescit?
1332 965 1382 1028 Ac
1466 1004 1469 1007 -

275 1075 368 1161 Nigri
382 1076 511 1161 quidam
532 1084 684 1143 neumam
701 1078 841 1143 eandem
859 1098 956 1163 quarn
968 1078 1033 1143 Nili
1054 1092 1127 1143 eoae
1138 1079 1262 1143 Plinius
1283 1080 1322 1146 V.
1341 1082 1384 1147 44
1460 1166 1462 1169 Ι
1574 1087 1580 1097 “

275 1200 366 1259 racto
387 1193 535 1278 tradidit,
563 1197 685 1267 flumen·
703 1196 835 1265 roeo-ot
854 1202 971 1261 natira
993 1201 1026 1259 et
1045 1194 1151 1260 colore
1174 1204 1206 1261 et
1228 1216 1341 1282 sapore
1364 1200 1407 1261 a‘

276 1312 359 1395 mari
381 1310 544 1403 diversum
566 1314 808 1400 eureignoram
830 1333 896 1382 uon
917 1314 1030 1398 potuit.
1053 1312 1384 1400 Seituethicquoque

277 1418 493 1515 importunam
523 1432 723 1513 grammatici
752 1430 955 1501 sedulitatem
978 1430 1175 1527 deprehendi
1207 1432 1299 1519 licet,
1313 1506 1315 1513 Α
1330 1433 1385 1517 qui

278 1554 378 1632 quum
399 1567 531 1611 caueam
560 1568 616 1612 our
636 1548 814 1613 crocodilus
837 1568 857 1612 a
877 1549 999 1633 pictore
1030 1548 1283 1633 addituo‘eeeet,
1322 1538 1384 1635 q'uo

278 1664 457 1729 certissimo
472 1665 563 1759 signo
587 1666 729 1729 locorum
750 1664 953 1751 fluminisque
973 1666 1052 1729 situs
1064 1638 1256 1756 deliniretur,
1269 1686 1386 1731 novam

278 1798 336 1866 pro
360 1800 419 1845 auo
442 1781 572 1866 ingenio
594 1782 797 1868 excogitavit.
820 1781 914 1856 Quod
937 1786 1045 1847 autem
1062 1783 1232 1849 verborum
1253 1781 1331 1847 ordo
1353 1784 1386 1846 in

280 1899 371 1964 librie
393 1899 510 1963 nostrie
532 1899 578 1964 ita
598 1899 799 1985 pervertitur,
821 1907 856 1964 ut
878 1905 963 1965 cutus
984 1896 1263 1981 Niloestaqua'vel
1277 1920 1388 1979 uquam

280 2018 437 2103 scriptum
457 2015 609 2099 habeant,
630 2016 751 2081 facturn
774 2024 824 2089 eat
844 2024 912 2081 tum
934 2034 1006 2082 cnm
1024 2016 1134 2105 glossa
1154 2017 1187 2083 in
1210 2018 1387 2083 orationem

280 2134 455 2218 scriptoria·
478 2134 683 2220 reciperetur.
727 2134 878 2199 (laterum
901 2134 1005 2199 obiter
1031 2142 1147 2199 moneo
1175 2155 1280 2221 neque
1308 2142 1389 2199 solus

281 2260 340 2317 tute
363 2251 426 2316 ned
442 2235 548 2316 sotem
568 2258 630 2317 tute
649 2254 755 2337 neque
775 2258 839 2317 eius
860 2248 918 2315 aed
938 2259 1039 2333 cuius,
1068 2271 1172 2339 neque
1195 2256 1389 2319 crocodillum

281 2369 340 2435 aed
363 2374 568 2452 corcodillum,
590 2388 694 2456 neque
717 2378 936 2451 quinquatrorrs
958 2368 1014 2433 aed
1035 2374 1263 2457 quinquennes,
1284 2392 1389 2458 neque

284 2490 526 2572 Clytemestram
555 2488 613 2552 sed
638 2493 855 2571 Clytemestram
883 2508 943 2552 neo
970 2470 1107 2573 denique
1132 2496 1289 2553 etiamnum
1333 2488 1390 2552 sed

282 2614 432 2673 etiannum
455 2604 512 2684 (B1
532 2594 663 2670 trimum
685 2604 747 2683 13²)
771 2606 805 2669 ln
825 2605 855 2669 Β
874 2604 1017 2690 reperiri.

388 2722 484 2797 Quod
525 2729 633 2786 cutem
671 2722 785 2806 §.144
825 2724 943 2808 legitur
979 2710 1307 2811 Clytaemnestram
1348 2724 1389 2791 ad
1411 2739 1472 2806 77ss

282 2843 383 2910 rerba
400 2845 503 2906 Oreste
514 2854 638 2906 matrem
657 2838 852 2907 retrahenda
871 2861 944 2907 esee
968 2846 1113 2928 arbitror,
1136 2843 1392 2929 Clytaemnestra

286 2961 373 3052 enirn
395 2958 466 3024 cola
491 2977 557 3023 non
577 2958 709 3024 videtur
731 2966 841 3044 aptum
863 2961 978 3045 pictori
1007 2970 1231 3048 argumentum
1254 2955 1390 3027 dedisse.

285 3083 462 3147 Praeterea
479 3081 599 3141 Paolum
611 3096 629 3141 e
642 3075 753 3142 cod.B
773 3077 913 3142 lectione
934 3083 1058 3143 Pastum
1073 3079 1291 3165 recipiendum
1314 3083 1392 3146 erat.
1449 3163 1456 3168 q

689 3202 763 3279 '148
781 3188 826 3267 -ss
840 3202 989 3280 ibidem.
1250 3261 1254 3312 3
1413 3205 1475 3280 777

335 3381 384 3393 -
410 3342 450 3412 ut
487 3332 640 3436 multum
664 3335 890 3436 manipretiis
922 3319 1163 3415 antecederet
1197 3312 1394 3416 celeberri-

320 3459 420 3547 ¹mos
458 3475 580 3546 aetate
612 3468 812 3568 imaginum
844 3446 1008 3568 pictores
1029 3467 1208 3569 ¹Sopolim
1245 3478 1282 3549 et
1306 3461 1408 3548 mo:

338 3601 497 3701 nysium.

330 3732 497 3816 ,equidem
513 3753 578 3797 non
598 3731 752 3817 intelligo.
786 3732 869 3801 Pliu.
892 3751 929 3806 eu
950 3742 1050 3800 aetate
1070 3731 1196 3798 ridetur
1213 3734 1395 3818 ecripoieee‘

287 3850 465 3936 prudenter
493 3849 560 3917 sul.
595 3851 768 3924 annotavit.
811 3849 952 3915 Pliniua
967 3855 1076 3917 auum
1108 3851 1250 3936 scripsit:
1291 3857 1396 3916 eadem

289 3980 399 4051 aetate,
421 3967 508 4054 quod
523 3986 700 4059 pronomen
722 3965 821 4049 habet
841 3965 1091 4051 Bambergcneia
1115 3969 1190 4034 totis
1204 3969 1318 4034 litteris
1342 3989 1396 4034 ax·
1514 4056 1516 4062 Α

289 4094 427 4152 aratum.

436 4295 439 4302 Ι
710 4204 976 4291 150=11,42.
1029 4269 1031 4276 .
1112 4291 1115 4300 ³
1299 4243 1302 4250 ·
1416 4195 1479 4265 778

340 4337 425 4416 Hoc
451 4359 534 4415 cum
559 4337 695 4427 fecere,
721 4357 798 4414 non
822 4340 975 4432 apparet
1000 4332 1037 4408 in
1063 4331 1170 4412 velis·

378 4474 445 4534 Hoc
465 4469 644 4550 subiectum
666 4473 727 4548 eat,
749 4465 887 4532 delenda
903 4471 954 4563 eet
975 4463 1071 4550 igitur
1092 4464 1314 4549 interpunctio.

704 4607 775 4681 158
799 4631 847 4670 ’.ε
875 4605 993 4691 12,4’6.
1419 4607 1481 4677 789

343 4736 385 4814 ln
409 4737 529 4814 sacris
554 4774 599 4790 -·
628 4733 802 4813 fictilibus
825 4730 1030 4836 prolibatur
1056 4730 1258 4832 simpuviis.

1145 4863 1185 4930 15
1197 4866 1212 4902 *
