3700 5625
445 713 508 783 200
872 716 964 778 Liber
983 714 1125 777 XXXII.
1254 798 1258 813 .

447 913 490 996 ,id
505 912 634 999 quidem
647 950 682 960 -
698 912 876 977 maluerim‘
898 911 939 977 ad
962 914 1095 977 alteram
1118 911 1232 977 eodem
1255 910 1407 977 adverbio
1429 914 1554 997 ‚aeque‘
1670 902 1671 911 ’

447 1031 609 1096 transitur.
651 1030 900 1116 Bambergensis
924 1036 1030 1095 autam
1060 1030 1165 1095 sariba
1186 1050 1283 1116 quum
1312 1030 1409 1114 etiam
1433 1029 1468 1093 in
1490 1005 1554 1093 fine
1670 1108 1671 1119 2

446 1157 520 1237 post
541 1172 571 1214 v.
593 1148 753 1230 ‚diximus‘
781 1149 867 1214 male
895 1148 1055 1213 addiderit
1078 1149 1196 1233 ,pisoe‘,
1228 1150 1262 1213 in
1289 1147 1398 1213 media
1426 1169 1554 1235 quoque

447 1267 782 1352 sententiapsoeasse
803 1266 940 1351 videtur,
962 1268 1081 1353 optime
1103 1267 1201 1331 aeteri
1219 1266 1344 1353 syllaba
1365 1266 1477 1332 addita
1498 1247 1554 1330 aa·

446 1392 555 1464 omittas
576 1390 635 1449 irae
657 1384 816 1450 exhibent.
850 1386 921 1461 Qua
942 1385 1080 1450 leotions
1101 1392 1235 1470 recepta,
1252 1384 1456 1450 scribendum
1479 1387 1553 1451 erit:
1670 1396 1671 1447 t

432 1497 436 1507 “
489 1508 526 1566 E.
547 1525 586 1568 m.
618 1524 644 1567 a.
664 1525 696 1584 p.
714 1502 743 1569 i.
768 1526 799 1583 p.
821 1525 851 1583 q.
877 1509 907 1569 C.
931 1510 1019 1587 rillio,
1042 1524 1160 1582 aeque
1181 1515 1292 1567 veteres
1314 1508 1494 1583 prodidere,
1523 1512 1554 1568 irs

488 1626 604 1701 siaonia
630 1641 690 1711 aaa
715 1627 840 1702 piscinis
868 1627 1021 1701 admirati,
1043 1628 1060 1684 i.
1087 1625 1197 1685 Heloro
1221 1626 1253 1686 S.
1276 1644 1301 1686 a.
1325 1644 1354 1687 a.
1378 1645 1411 1703 p.
1436 1629 1469 1689 S.
1492 1630 1510 1688 i.
1534 1630 1554 1687 i.

490 1744 522 1803 L.
535 1744 655 1817 Lsoate
676 1746 863 1819 amoaillos
877 1778 917 1786 —
933 1744 1002 1803 iaue
1024 1760 1049 1807 e.
1073 1746 1091 1805 i.
1116 1761 1144 1803 u.
1165 1752 1274 1818 ueram
1288 1778 1318 1789 -
1341 1744 1476 1805 similiter
1497 1742 1554 1807 rel.

530 1859 559 1943 §.
583 1857 623 1925 17
644 1864 720 1943 post
740 1880 769 1923 v.
790 1870 903 1937 parem
922 1857 1169 1943 interpungatur
1191 1863 1332 1940 oporiet,
1357 1860 1384 1943 §-
1403 1862 1444 1927 18
1468 1864 1555 1941 Scyl·

360 1985 370 1995 “
448 1981 496 2038 lae
516 1996 574 2061 pro
598 1981 721 2039 Siciliae
743 1975 824 2059 lego.
849 1976 875 2058 ξ.
891 1975 931 2041 33
953 1998 981 2039 v.
1005 1980 1079 2039 tollit
1100 1995 1183 2061 pona
1204 1998 1232 2040 v.
1256 1982 1411 2039 oculorum
1434 1977 1554 2041 nonin

448 2091 578 2157 alterius
598 2098 723 2157 tantum
750 2092 891 2156 familiae
917 2092 1006 2157 libris
1036 2092 1093 2157 sed
1127 2093 1225 2157 etiam
1253 2093 1285 2158 in
1307 2093 1420 2159 Bamb.
1446 2084 1554 2177 deest3

447 2229 522 2272 nam
550 2230 568 2272 e
596 2210 709 2296 Silligii
735 2210 805 2274 Iani
839 2211 938 2295 oopiis
974 2212 1051 2274 satis
1095 2211 1294 2296 negligenter
1335 2212 1387 2275 usi
1426 2212 1555 2277 silentio

448 2347 525 2391 eave
547 2328 720 2413 quidquam
744 2328 886 2413 colligas.
908 2328 1002 2417 Quod
1025 2328 1086 2391 nisi
1107 2330 1140 2392 in
1163 2328 1277 2393 ueteris
1300 2329 1388 2393 libris
1411 2334 1555 2407 suffusio-

410 2531 415 2543 ·
446 2465 557 2530 aerque
577 2445 753 2530 legeretur,
777 2419 1053 2531 ¹praepositionem
1075 2445 1253 2510 contrahis
1275 2446 1458 2529 ponendam
1480 2468 1555 2511 esse

447 2561 674 2644 existimarem,
696 2535 781 2626 nuno
803 2563 934 2651 verbum
958 2564 1117 2628 excidisse
1139 2564 1291 2627 eoneedo.
1333 2566 1385 2628 Ita
1406 2568 1438 2627 in
1462 2566 1490 2648 ξ.
1513 2566 1556 2631 34

446 2699 541 2765 quem
563 2698 692 2743 sensum
715 2683 811 2744 Ianus
834 2681 1017 2747 emendavit
1045 2656 1109 2746 non
1131 2687 1190 2745 ooo
1213 2703 1253 2745 ex
1274 2686 1330 2746 iaec
1352 2681 1409 2746 sed
1431 2675 1490 2769 hee
1513 2702 1555 2746 ex

446 2801 504 2862 iaoo
525 2796 647 2862 fautum
668 2804 734 2879 est,
764 2822 792 2862 v.
816 2804 991 2876 efficoriore
1012 2820 1031 2863 a
1053 2822 1095 2864 m.
1120 2801 1136 2865 1
1159 2804 1361 2877 efficaciorem
1382 2798 1555 2864 manifesto

448 2915 602 3002 seriptum
625 2903 709 2997 erut,
748 2925 863 3001 postea
892 2919 925 2980 in
947 2937 1059 2980 rasura
1081 2935 1099 2979 e
1122 2918 1224 2982 tribus
1251 2919 1378 2982 litterae
1400 2939 1431 2980 m
1455 2918 1557 3003 signis

448 3033 594 3098 ultimum
623 3034 769 3114 erasum,
803 3035 942 3098 medium
972 3043 1004 3098 et
1030 3035 1166 3119 primurn
1193 3035 1226 3098 in
1255 3045 1283 3097 st
1307 3039 1465 3098 mutatum
1497 3045 1555 3099 est.

447 3149 571 3215 Ibidem
592 3172 657 3215 non
680 3157 878 3216 demonstrem
899 3152 963 3216 sed
983 3158 1071 3216 reete
1093 3157 1297 3216 demonstrant
1324 3139 1477 3237 seriptrffl
1499 3173 1554 3216 ex·

448 3274 520 3333 stat.
550 3269 579 3353 §.
601 3271 641 3337 41
664 3291 727 3333 non
749 3270 779 3332 V
792 3262 923 3335 tantum
946 3269 1004 3334 sed
1026 3269 1122 3334 etiarn
1144 3269 1172 3333 B
1194 3269 1292 3336 habet
1311 3276 1485 3348 sanquinem
1507 3276 1554 3333 ia·

371 3409 375 3431 ¹
447 3393 509 3468 lini,
532 3387 560 3470 ξ.
581 3388 623 3452 48
640 3387 683 3451 B²
704 3408 769 3451 non
787 3394 974 3466 fluuiatiliam
998 3387 1056 3452 sed
1074 3393 1272 3466 finiatitiiium.

745 3528 951 3612 61:621.
983 3524 1051 3616 (de
1079 3523 1249 3616 ostreis).

496 3655 652 3730 Addunt
669 3656 862 3756 peritiores
876 3663 1010 3746 nutam,
1039 3656 1222 3733 ambiente
1238 3680 1423 3758 purpureo
1453 3653 1551 3731 crine

497 3789 617 3865 fibras.
815 3783 819 3789 ’
1065 3787 1068 3796 ’

528 3927 702 3984 ambientem
723 3922 751 3984 B
774 3901 803 3981 V
824 3922 864 4003 R,
883 3927 1002 3998 friesos
1025 3923 1053 3986 V
1077 3930 1109 3986 et
1130 3943 1170 3986 an
1193 3929 1226 3986 te
1247 3943 1393 3988 rasuram
1405 3921 1445 4002 B,
1468 3920 1551 4006 unde
1670 3983 1671 4002 ¹

447 4039 632 4102 ooueiunior
652 4040 748 4103 leutio
770 4038 897 4124 prodire
921 4039 1061 4102 videtur:
1182 4099 1183 4102 ,

359 4202 363 4209 «
488 4163 677 4220 ambientem
694 4178 851 4236 purpureo
876 4163 961 4220 oriae
979 4161 1113 4233 dorcam.

894 4279 942 4352 68
957 4305 987 4332 =
1004 4280 1098 4364 723.
1203 4297 1207 4308 ·

491 4405 690 4510 βοτηεηίυε
716 4415 851 4481 tantam
882 4407 951 4482 viru
981 4408 1326 4506 (sanguisugarum)
1358 4406 1455 4483 hane
1481 4413 1550 4482 tra-

497 4540 549 4614 dit
575 4547 637 4628 ut,·
671 4539 740 4616 uisi
768 4539 890 4616 oleum
919 4564 983 4616 ore
1011 4541 1223 4616 contineant
1249 4562 1343 4638 quae
1370 4540 1548 4638 tinguent,

499 4672 630 4746 dentes
657 4695 806 4770 quoque
834 4696 957 4747 earum
986 4672 1169 4771 denigrari
1198 4647 1306 4749 diod.
