3700 5625
472 564 521 689 38
942 614 1141 683 cuer-111.
1657 590 1658 673 l

416 822 424 856 ¹
478 810 568 877 niam
594 826 664 873 vox
691 824 729 869 eo
754 824 824 873 non
849 803 953 871 hebet
969 802 1044 890 ‘quo
1068 800 1250 872 releuatur.
1294 802 1327 888 5.
1341 800 1395 871 50.
1421 820 1498 867 cum
1520 801 1555 867 A
1570 800 1605 867 R

479 926 658 1018 legendum
674 934 733 991 ‚est
756 922 880 1016 Occiae
899 925 973 990 siue
996 920 1143 990 Caecina
1165 920 1274 987 forma
1293 919 1436 990 nominis
1457 942 1477 987 e
1499 920 1604 989 Cice-

480 1049 574 1115 ronis
596 1046 749 1113 oratione
773 1044 949 1124 notissima
971 1052 1072 1128 atque
1094 1038 1312 1106 Etruscorum
1334 1041 1418 1105 mori
1444 1042 1500 1126 qui
1522 1044 1604 1106 sim·

480 1164 625 1254 plicibus
653 1160 772 1230 litteris
803 1142 1080 1244 delectabantur,
1117 1158 1384 1226 accommodata.
1438 1158 1605 1225 Similiter
1657 1240 1658 1247 ¹

480 1285 510 1379 §.
520 1286 571 1352 53.
592 1304 710 1351 veram
732 1283 932 1369 scripturam
958 1280 1056 1344 Τίιιίιι
1074 1278 1194 1365 codA
1216 1276 1368 1362 exhibet,
1393 1264 1605 1365 reliquorum

482 1406 685 1489 scriptorum
701 1384 1157 1478 auetoritate'c'onfirmatam
1176 1396 1255 1488 item
1270 1394 1500 1482 tredecimpro
1508 1396 1605 1482 XVI,
1657 1408 1658 1411 ’

478 1518 549 1609 'quo
572 1517 749 1587 intervallo
765 1502 943 1585 Veientem'
961 1540 1079 1605 agrum
1102 1517 1144 1582 ab
1163 1512 1259 1581 Urbe
1280 1502 1433 1600 separari
1454 1524 1604 1583 constat.

482 1640 579 1723 543.
603 1638 754 1725 Silligius
774 1660 794 1705 e
817 1640 891 1706 cod.
913 1638 967 1704 R2
988 1639 1119 1722 recepit
1145 1636 1181 1699 in
1204 1633 1368 1728 lacoonse
1384 1630 1522 1724 flectens
1550 1658 1606 1700 ca·

484 1760 633 1838 cuniae,
669 1779 768 1844 quum
794 1769 907 1824 tamen
933 1776 1032 1821 nemo
1063 1754 1105 1821 de
1133 1755 1251 1819 dextro
1278 1751 1395 1819 ltaliae
1423 1755 1605 1820 cacumine

426 1858 430 1863 λ
484 1900 631 1966 unquam
656 1875 864 1981 cogitaverit.
922 1844 1065 1939 Linteolo
1095 1872 1207 1936 addita
1241 1871 1455 1959 scribendum
1485 1882 1540 1938 est
1569 1874 1607 1936 in

486 1994 647 2077 laevom,
678 1997 766 2096 sicut
793 1994 884 2083 §..52
906 1993 1029 2059 Forum
1053 1989 1170 2055 Clodii.
1217 1992 1246 2077 5
1260 1988 1313 2055 ut
1335 1990 1607 2091 interpunctione

485 2087 615 2195 deletu,
643 2115 765 2203 quod
755 2136 820 2179 ram
842 2112 1035 2179 lietduinus
1056 2088 1201 2196 viderat,
1229 2110 1361 2176 Tiberis
1382 2120 1417 2175 et
1436 2108 1550 2177 fluviis
1573 2122 1609 2178 et

476 2233 584 2359 laquis
604 2234 818 2319 fontibusque
842 2243 962 2299 auctius
987 2232 1118 2297 dicitur.

523 2374 527 2381 “
665 2376 668 2381 ’
768 2415 771 2422 ·
832 2373 838 2382 ‘
943 2366 1043 2443 58:
1060 2366 1145 2461 5,9
1259 2398 1262 2405 ’
1352 2362 1399 2383 “’

424 2393 467 2459 53
534 2493 730 2610 Quidquid
758 2529 847 2605 ergo
877 2472 1063 2579 terrarum
1093 2509 1151 2576 est
1175 2496 1283 2601 praet
1284 2526 1326 2575 er
1268 2500 1478 2576 tdecem
1501 2504 1606 2581 milia

500 2668 715 2748 passuum
736 2667 884 2743 prope
906 2639 1080 2718 ambitus
1109 2639 1294 2717 adnexum
1314 2634 1459 2723 insulae
1485 2650 1551 2717 rel.

478 2752 584 2867 paupe
604 2778 758 2844 omittunt
776 2775 868 2855 AR,
896 2784 999 2870 recte
1022 2773 1111 2868 baud
1134 2775 1244 2843 dubie.
1289 2774 1398 2875 Quum
1421 2777 1506 2843 enim
1531 2777 1607 2846 cir-

487 2899 638 2963 ceiorum
655 2893 785 2962 insulae
806 2915 997 2975 mensuram
1017 2895 1127 2958 stadia
1141 2895 1313 2980 octoginta
1325 2897 1477 2985 posuerit
1490 2897 1606 3004 'iheu-

485 2989 660 3101 phrastus,
682 3014 842 3101 quidquid
861 3026 1026 3080 terrarum
1045 3011 1177 3078 insulae
1198 3032 1365 3078 annexum
1388 3024 1451 3096 est,
1471 3025 1506 3079 ut
1525 3037 1606 3084 cum

486 3135 671 3201 continenti
699 3135 978 3220 coniungeretur,
1013 3131 1155 3218 amplius
1185 3135 1303 3199 decem
1329 3133 1416 3199 milia
1440 3154 1606 3220 passuum

486 3253 624 3335 ambitu,
646 3253 762 3318 ltaliae
784 3255 950 3322 accessit..
983 3254 1153 3330 Quocirca
1172 3254 1389 3336 scribendum
1412 3266 1479 3319 est:
1505 3278 1605 3342 prue-

488 3373 592 3438 tcrd
607 3395 649 3440 m.
657 3395 689 3458 p.
711 3372 864 3437 ambitu
885 3372 946 3438 rel
990 3373 1089 3448 Quod
1118 3372 1268 3457 sequitur
1295 3371 1388 3436 ulittd
1407 3373 1608 3439 miraculum

486 3470 582 3557 recte
594 3471 785 3553 llarduinus
798 3491 845 3553 ab
853 3490 1093 3578 interpolatore
1114 3490 1260 3555 additum
1275 3469 1353 3556 esse
1364 3502 1490 3576 censet.
1512 3494 1555 3578 5.
1553 3494 1606 3560 59.

487 3618 582 3712 recte
610 3607 741 3693 quidem
766 3607 939 3675 Pintianus
971 3630 990 3674 e
1013 3609 1180 3674 Strabone
1202 3607 1246 3674 V
1263 3631 1295 3695 p.
1312 3569 1384 3675 933.
1409 3592 1509 3674 Cluui
1529 3633 1608 3678 cor

487 3728 587 3811 rexit,
606 3725 685 3792 mihi
709 3727 876 3792 tamenin
899 3728 998 3794 codd
1020 3726 1191 3816 scriptura
1210 3725 1349 3816 Glanico
1367 3732 1462 3796 vocis
1485 3733 1608 3820 deper-

481 3846 579 3942 ditae
600 3844 809 3930 vestigium
799 3867 912 3942 messe
935 3847 1113 3926 videtur,
1104 3858 1152 3912 tta
1169 3857 1206 3911 ut
1227 3846 1354 3914 Plinius
1376 3847 1477 3915 Claui
1497 3873 1607 3948 quon-

489 3964 567 4029 dam
580 3965 773 4052 scripsisse
783 3935 964 4052 putandus
987 3968 1040 4032 sit

430 4107 474 4172 ut
520 4153 524 4168 .
945 4085 1045 4164 68:
1056 4085 1145 4180 5,9.

484 4292 489 4302 ,
520 4185 803 4309 ’διιιιιιιίιιιιιιί
822 4247 920 4309 nuuc
938 4223 1058 4309 Romu
1080 4231 1149 4318 est,
1171 4222 1356 4324 Antipolis
1369 4183 1482 4340 ¹quod
1506 4249 1608 4304 nuuc

526 4356 748 4434 dannatum
776 4357 845 4461 [in
866 4369 1002 4459 parte
1027 4356 1228 4463 Romae}
1326 4404 1329 4416 =

573 4493 626 4559 Ex
652 4491 776 4559 ultimis
801 4496 915 4561 verbis
949 4493 1117 4579 Antipolis
1151 4513 1285 4580 quoque
1313 4493 1493 4562 Saturniae
1524 4517 1608 4582 pars

491 4622 605 4692 asset,
636 4611 726 4697 quod
749 4631 849 4697 quum
870 4612 943 4680 fieri
967 4627 1129 4700 nequeat,
1157 4621 1312 4700 praestat
1332 4631 1375 4678 aa
1395 4637 1458 4701 pro
1481 4615 1607 4684 librarii
