3700 5625
691 601 792 670 niter
814 603 880 673 VI.
1296 609 1348 676 99'

242 791 389 878 principio
411 788 532 857 habuit
545 787 715 856 Arrianus
724 787 794 856 lnrl.
805 789 857 857 al.
876 787 972 855 nulla
992 809 1108 856 aornar
1128 813 1217 881 qnae
1239 808 1350 863 antea·

242 921 412 976 evenerunt
437 906 569 974 ratione
583 905 723 974 ‚lralrltar⁴
747 907 847 974 litut
863 916 921 974 ast
944 943 986 968 -ι
1004 919 1041 974 et
1060 911 1125 976 ianr
1148 913 1255 978 Plinio
1274 914 1350 1000 ipsi

241 1029 355 1113 prinae
365 1028 524 1094 natanta
538 1028 637 1094 situm
646 1026 794 1112 ignotum
804 1023 910 1092 faisse
922 1027 1068 1095 vidimns
1078 1065 1118 1082 -
1132 1030 1212 1098 illud
1222 1035 1340 1098 raetis·
1390 1020 1393 1025 ¹

241 1147 509 1214 simeLassenius
521 1131 765 1224 animarlvertit,
787 1145 903 1210 urbem
925 1143 1068 1233 ligneam
1087 1148 1107 1214 i.
1120 1169 1148 1216 a.
1161 1151 1348 1218 stationem

241 1267 376 1330 navalem
392 1263 746 1354 nornineXyleaepolis
758 1261 953 1348 significari,
973 1285 1060 1351 quae
1078 1266 1189 1334 littera
1201 1292 1222 1340 e
1234 1291 1252 1334 a
1264 1293 1340 1355 pro.

241 1387 312 1450 rimo
332 1383 505 1450 vocabulo
526 1384 668 1468 repetita
688 1381 911 1470 Exilenepolia
933 1381 965 1448 in
988 1384 1066 1449 eod.
1085 1383 1127 1470 R,
1147 1387 1180 1451 in
1202 1389 1222 1452 d
1246 1389 1338 1475 Exp-

241 1489 375 1591 teaepolis
398 1514 553 1571 vocatur.
588 1501 712 1586 ltaque
734 1502 807 1567 sine
830 1499 931 1568 dnbio
952 1503 1165 1571 scribendam
1187 1505 1265 1574 erit:

649 1617 795 1706 Xyline
817 1618 926 1707 polis.

648 1771 914 1849 oa=ruo0n
1358 1809 1419 1873 m

277 1930 368 2006 Inde
388 1907 682 2030 promontorium
698 1924 917 2001 Carmaniae
940 1936 1010 2022 est,
1038 1952 1087 2005 ex
1112 1953 1185 2028 quo
1210 1929 1248 2004 in
1274 1929 1338 2034 arl-

278 2092 396 2144 versa
419 2089 494 2142 ora
519 2063 564 2140 ad
583 2073 732 2164 gentem
750 2061 911 2138 Arabiae
930 2061 1058 2138 Maras
1079 2064 1257 2142 traiectus
1282 2064 1337 2142 ‹li-
1360 2068 1364 2074 ’

279 2201 555 2301 mnnp

307 2356 343 2419 ln
364 2354 514 2418 adversa
535 2371 596 2416 ora
620 2351 783 2416 traiectus
809 2359 903 2415 assat
930 2350 964 2414 in
986 2351 1061 2436 ipsa
1085 2350 1339 2437 Arabia'qnae-

242 2473 360 2541 raudus.
406 2471 492 2534 Tum
514 2445 598 2534 raro
620 2470 775 2556 quoniam
797 2469 842 2534 lbi
864 2469 987 2535 Macae
1007 2469 1213 2550 habitabant,
1234 2471 1339 2535 traie-

242 2599 302 2654 ctus
322 2591 366 2655 ad
389 2588 578 2654 Carmanos
599 2607 664 2654 nee
685 2589 727 2652 ad
744 2587 879 2654 Arabes
897 2587 994 2654 tieret
1014 2589 1221 2656 necessario.
1255 2587 1338 2654 Cum

242 2706 293 2773 alio
306 2719 414 2774 autern
428 2705 595 2773 voeabulo
607 2708 712 2772 rerba
732 2706 887 2791 ooniungi
901 2722 1087 2794 nequeunt:
1110 2712 1224 2794 itaqua
1236 2707 1339 2772 lineo·
1381 2701 1384 2706 ’

243 2825 293 2919 lara
310 2830 342 2895 in
353 2827 545 2913 archetypo
557 2827 737 2893 evanuisse
753 2828 959 2892 censendum
978 2839 1012 2893 et
1034 2830 1246 2895 scribendum
1260 2829 1341 2893 erit:

551 2946 589 3009 ia
610 2944 798 3009 doersum
819 2966 922 3009 oram
948 2946 1011 3012 rel.
1061 2952 1065 2957 “

650 3098 699 3175 99
712 3136 752 3168 =
764 3098 914 3176 ibidem.
1316 3102 1319 3108 ¹
1357 3137 1418 3203 127

281 3239 485 3313 -flumen
512 3234 805 3351 Sitiogagu8‚
833 3262 905 3337 quo
917 3237 1152 3339 Pasargadas
1164 3247 1337 3339 septumo

283 3374 337 3463 die
361 3374 569 3473 navigatur.

311 3525 479 3592 Sitaonnr
501 3523 650 3591 nominat
663 3524 841 3605 Arrianus,
863 3534 896 3589 et
916 3522 1047 3589 videtur
1059 3522 1185 3589 Plinius
1205 3544 1340 3609 quoque

246 3643 431 3709 nominasse.
463 3632 548 3709 Nam
570 3665 658 3731 quaa
681 3644 714 3711 in
735 3643 830 3709 libris
851 3642 938 3709 Mas.
957 3641 1114 3729 leguntur
1133 3644 1268 3708 aornim
1288 3640 1340 3708 St-

247 3759 393 3847 irpem,
417 3760 629 3853 Siliquam,
655 3760 841 3851 Sitiopoqus
868 3762 997 3843 omnin,
1024 3771 1181 3846 utputo,
1210 3760 1341 3829 alaisa

246 3879 491 3965 reduplicatione
505 3880 656 3966 syllabae
675 3902 714 3947 ao
737 3890 813 3948 orta
828 3896 916 3965 suut,
937 3891 973 3945 ut
994 3879 1027 3943 in
1048 3879 1235 3965 archetypo
1258 3882 1342 3944 son'.

246 3983 318 4078 ptum
342 4000 452 4067 fuisse
469 4002 667 4086 putandum
702 4002 746 4069 sit
771 4006 946 4067 arraoravs.
1004 3998 1161 4066 Ceterum
1192 3998 1342 4065 fortasse

246 4113 322 4185 fossa
341 4142 416 4187 earn
439 4119 532 4205 Gyro
552 4120 835 4206 coniungebaturz
864 4120 908 4185 erl
929 4120 1144 4206 Pasargadas
1166 4119 1253 4184 enirn
1273 4139 1341 4184 non

246 4240 430 4317 pertinuisse
454 4250 598 4306 aarrstat.
1199 4288 1203 4295 .

312 4361 340 4445 §.
363 4358 436 4427 lut.
468 4370 562 4423 reate
588 4358 795 4442 interpunxit
822 4357 1005 4424 Schwanb.
1031 4378 1064 4441 p.
1077 4354 1154 4425 375.
1176 4354 1341 4443 oppidm

247 4477 319 4564 apta
341 4480 429 4543 elasa
452 4476 748 4566 sortassereqium
768 4478 919 4543 seribere
943 4487 1108 4562 praestat,
1128 4476 1218 4541 siout
1234 4471 1342 4564 §.rea

247 4598 369 4670 „urben
389 4598 545 4686 regiaru‘
567 4594 718 4683 legimns.
761 4592 791 4681 ς.
803 4594 875 4662 107.
894 4594 1044 4663 Arouaia·
1062 4594 1254 4662 inamata
1275 4618 1343 4662 ma·

1086 4730 1135 4795 7}
