3700 5625
704 747 797 809 libor
817 747 959 810 XXXII.
1320 743 1384 813 199

250 912 257 922 ’
326 940 447 1041 mergi
472 982 517 997 -
546 940 594 1017 ad
627 940 1044 1047 locumlllauretaniae,
1083 943 1145 1041 qui
1172 938 1278 1020 Cotte
1316 964 1384 1018 vo·
1435 1003 1441 1009 .

325 1080 442 1151 cetur.

359 1206 511 1271 Gladium
532 1206 655 1291 piscem
667 1204 750 1270 Plin.
771 1206 835 1270 iam
858 1204 915 1272 IX
939 1206 1229 1289 cruentaverat,
1252 1206 1385 1291 xiphian

273 1323 360 1388 infra
382 1325 411 1408 ξ.
433 1324 493 1390 151
516 1328 762 1405 commemorat,
795 1329 908 1387 neutro
932 1324 1002 1388 loco
1025 1328 1269 1409 interpretatur,
1302 1344 1384 1410 quae

273 1442 373 1528 igitur
394 1441 426 1505 lr.
447 1441 468 1504 l.
490 1446 526 1505 ut
547 1430 769 1506 mucronatum
802 1447 940 1506 rostrum
962 1442 1154 1535 explicetur,
1188 1441 1313 1506 adiecta
1340 1442 1384 1507 le·
1408 1524 1411 1531 μ

275 1561 382 1647 gimus
415 1559 556 1645 glossam
589 1559 745 1624 redolent.
809 1560 915 1625 Locus
953 1565 1060 1624 autem
1093 1560 1314 1625 Mauretaniae
1353 1566 1387 1626 et

274 1676 315 1743 V.
338 1676 359 1744 2
387 1677 422 1741 in
443 1675 514 1744 cod.
537 1678 567 1740 A
589 1676 694 1741 ethic
722 1677 756 1741 in
784 1677 904 1742 ocd.B
934 1680 1036 1742 Cottae
1071 1678 1267 1764 appellatur,
1302 1699 1385 1765 quac

274 1795 415 1859 nominis
449 1794 552 1859 forma
583 1814 655 1859 cum
691 1792 858 1860 Strabonis
890 1796 961 1861 loco
992 1818 1022 1877 p.
1052 1796 1173 1877 825st
1208 1795 1243 1861 al
1264 1795 1386 1874 Κώτεις

276 1912 499 1995 confirmetur,
521 1913 636 1998 plurali
657 1933 790 1978 numero
812 1913 933 1977 Plinius
959 1920 1037 1978 usus
1060 1934 1132 1978 esse
1152 1913 1289 1979 videtur.

743 2038 928 2122 16'2‘25.
1407 2068 1469 2137 70q

326 2162 483 2241 Emanu
502 2171 703 2240 vescuntur
730 2164 852 2265 pisces
878 2166 924 2263 in,
937 2158 1108 2264 'pluribus
1131 2165 1280 2263 quidem
1295 2164 1387 2241 Cae-

327 2298 422 2372 saris
451 2294 566 2390 villis;
617 2298 687 2373 sed
713 2321 807 2397 quae
836 2272 995 2387 veteres
1023 2297 1222 2397 prodidere
1249 2297 1285 2372 in
1314 2304 1387 2398 sta-

324 2430 423 2531 gnis,
449 2451 523 2505 non
550 2430 701 2530 piscinis
727 2430 911 2520 admirati,
945 2429 979 2506 in
1009 2430 1121 2509 Eloro
1151 2408 1300 2509 Siciliae
1327 2453 1388 2506 ea-

330 2560 441 2640 stello
456 2603 521 2651 -‚
547 2563 633 2640 item
660 2564 697 2640 in
725 2561 906 2641 Labrandi
940 2562 1040 2651 lovis
1073 2565 1174 2641 tonte
1201 2562 1387 2664 anguillae
1435 2558 1438 2567 '

328 2707 366 2777 et
379 2700 527 2775 inaures
541 2696 686 2773 additas
710 2690 855 2795 gerunt,
883 2696 1049 2774 similiter
1064 2697 1101 2773 in
1129 2696 1219 2774 Chio
1247 2695 1312 2772 rel.

361 2832 414 2898 Ita
436 2830 503 2895 Sill.
538 2830 609 2895 cod.
631 2830 904 2915 Bambergensem
938 2851 956 2894 e
983 2836 1074 2915 parte
1104 2837 1250 2911 secutus,
1282 2849 1388 2916 neque

279 2952 414 3016 multum
436 2948 544 3014 differt
565 2947 636 3012 Iani
656 2948 738 3030 ratio
766 2949 820 3033 qui
853 2948 1109 3032 interpunctione
1136 2953 1260 3014 mutata
1289 2947 1389 3014 verba

281 3090 346 3134 nou
383 3065 581 3147 emendavit,
618 3065 680 3130 nisi
716 3065 801 3151 quod
831 3071 917 3129 recte
951 3087 969 3129 e
1002 3064 1094 3130 codd.
1117 3069 1296 3148 Labrayndi
1316 3066 1336 3130 i.
1360 3086 1388 3130 e.

280 3164 473 3267 Latrffldii
510 3181 647 3268 scripsit.
690 3181 847 3268 Equidem
880 3203 984 3267 neque
1022 3184 1214 3248 sententiam
1252 3183 1389 3250 orationi

279 3311 391 3390 aptam
412 3303 521 3366 inesse
554 3321 659 3386 neque
681 3306 873 3364 structuram
895 3301 1064 3365 verborum
1092 3300 1167 3364 ferri
1196 3321 1292 3386 posse
1314 3321 1389 3365 con·

279 3420 389 3488 tendo,
432 3419 516 3483 Nam
539 3417 624 3502 quod
645 3417 743 3482 Ianus
765 3425 840 3502 post
860 3440 909 3483 vv.
932 3425 1009 3482 uillis
1031 3424 1063 3482 et
1083 3422 1138 3480 sed
1158 3419 1278 3482 leniore
1291 3418 1389 3482 inter-

278 3538 456 3625 punctione
477 3556 554 3599 usus
577 3542 647 3616 est,
680 3556 745 3613 nou
767 3516 1022 3600 contrariasunt
1044 3535 1137 3600 villae
1160 3542 1194 3599 et
1214 3535 1389 3616 castellum,

280 3656 339 3748 sed
362 3661 479 3740 stagna
508 3659 540 3716 et
561 3652 720 3737 piscinae,
757 3652 897 3738 Silligius
925 3674 1002 3718 vero
1030 3675 1071 3718 ue
1106 3658 1234 3719 sensum
1262 3653 1389 3739 quidem
1484 3719 1488 3726 ,

280 3771 512 3860 grammaticae
534 3769 660 3854 legibus
683 3770 946 3853 accommodarit,
969 3790 1119 3855 quorsum
1142 3771 1225 3835 enim
1248 3769 1389 3834 referun-
1414 3827 1415 3832 ,

279 3901 333 3957 tur
354 3889 454 3955 verba
475 3893 533 3952 aad
553 3908 632 3966 quoa
653 3893 786 3951 veteres?
812 3887 925 3974 Neque
949 3892 1077 3953 omnino
1100 3888 1165 3951 ulla
1186 3887 1297 3973 primis
1319 3903 1390 3951 sen·

280 4007 391 4076 tentiis
411 4007 498 4070 inest
520 4005 698 4090 oppositio,
721 4003 777 4069 sed
800 4006 1014 4090 comparatio,
1051 4004 1164 4070 eodem
1188 4004 1272 4068 enim
1294 4004 1389 4069 modo

209 4206 213 4216 Ι
281 4125 421 4192 everbo
443 4125 635 4205 ,vescuntur‘
664 4122 838 4187 infinitivus
865 4123 975 4204 ,vesci‘
1003 4121 1199 4207 supplendus
1222 4127 1288 4204 est,
1327 4142 1389 4207 quo

281 4242 438 4309 XXXIV.
459 4241 479 4308 5
500 4239 633 4305 verbum
655 4240 819 4322 ,exerceri‘
841 4216 941 4303 semel
962 4240 1100 4324 positum
1123 4239 1171 4303 bis
1193 4239 1389 4325 intelligitur,

284 4382 345 4448 quo
368 4360 410 4424 de
432 4376 552 4443 genere
573 4355 612 4424 cf.
635 4355 834 4442 Grasberger
855 4380 886 4443 p.
899 4359 948 4425 16.
972 4357 1130 4442 Corrupto
1154 4378 1225 4421 esse
1248 4358 1391 4443 sequitur
1493 4391 1497 4398 ·

284 4477 383 4543 verba
416 4481 471 4539 sed
493 4474 619 4555 quoeB
648 4496 682 4538 re
702 4495 780 4554 quoe
799 4474 830 4539 R
850 4497 882 4540 se
904 4495 963 4554 que
982 4476 1031 4557 V,
1064 4474 1148 4538 unde
1171 4475 1276 4538 deleta
1307 4493 1390 4559 quae

286 4594 470 4681 eproximo
490 4592 655 4658 -vocabulo
679 4591 872 4657 adhaeserat
903 4594 1012 4657 littera
1031 4615 1047 4656 s
1068 4591 1155 4655 nullo
1188 4589 1316 4674 negotio
1347 4590 1391 4654 ef-

284 4713 388 4778 ficitur
417 4727 513 4789 aequa
540 4729 627 4775 sce
655 4730 753 4774 mauu
781 4711 874 4774 vesci.
917 4713 966 4774 lta
985 4709 1092 4776 XVII.
1114 4710 1155 4776 84
1184 4729 1203 4772 a
1233 4709 1392 4774 sententia
