3700 5625
711 760 803 832 Liber
824 763 928 824 XXX.

710 982 780 1066 107
788 1025 834 1108 „²
845 994 960 1081 1233.
1396 1009 1458 1078 672

195 1112 197 1121 ’
317 1122 571 1202 Carbunculus
597 1167 642 1179 -·
670 1123 840 1201 aboletur
867 1167 913 1181 -
940 1125 1070 1225 apibus
1098 1126 1246 1225 quaein
1264 1123 1373 1202 melle

317 1257 390 1333 sihi
413 1258 629 1334 immbrluae
659 1278 814 1351 (mortuae
851 1282 938 1340 recte
967 1274 1062 1360 vulgo
1100 1295 1118 1339 e
1151 1274 1240 1339 libris
1261 1274 1371 1353 MSS.)
1483 1268 1485 1271 ⁵

315 1390 498 1489 impositis
525 1390 748 1490 polentaque
774 1393 946 1492 imposita
978 1393 1192 1493 [inspersai.
1271 1394 1279 1411 ⁹

275 1547 277 1549 ’
349 1521 547 1586 Vocabulum
578 1530 718 1603 inspersa
739 1532 845 1589 utrum
868 1524 1084 1611 dittographia
1112 1531 1215 1588 ortum
1239 1546 1279 1589 an
1301 1546 1373 1611 pro·
1399 1610 1402 1619 Ι

268 1627 371 1703 uiniae
393 1640 464 1704 voci
486 1640 646 1724 glossema
668 1641 811 1706 additum
834 1664 906 1707 esse
930 1643 1050 1726 dicam,
1078 1644 1238 1729 quomodo
1263 1644 1290 1727 ξ.
1313 1642 1374 1711 106
1410 1634 1414 1661 '

268 1764 391 1822 occidat
409 1759 482 1821 voci
502 1764 628 1839 incipiat
650 1759 847 1845 adscriptum
868 1780 942 1825 esse
957 1761 1095 1844 videtur,
1117 1761 1241 1825 nescio:
1265 1760 1373 1824 delen·

268 1875 341 1939 dum
364 1876 475 1962 utique
497 1875 577 1939 ests

609 2001 680 2072 ron
706 2004 743 2071 et
771 2001 887 2073 1102
922 2000 1039 2086 1235.
1246 1999 1250 2005 ’
1395 2046 1455 2113 573

315 2126 509 2204 Ambustis
536 2128 655 2221 canini
675 2130 809 2229 capitis
833 2128 924 2205 cinis
938 2130 1107 2205 medetur
1126 2166 1161 2188 ··-·
1177 2150 1373 2205 nervorum

315 2261 423 2335 nodis
452 2260 581 2359 capitis
596 2262 764 2360 'viperini
782 2261 874 2337 cinis
900 2304 948 2317 -
972 2261 1110 2339 terreni
1131 2284 1276 2338 vermes
1292 2284 1372 2337 cum

314 2391 425 2469 melle
446 2391 536 2484 illiti,
566 2391 897 2471 doloribuseorum
927 2394 1083 2494 [adips]‚
1110 2393 1375 2494 amphisbaena

315 2534 457 2602 mortua
484 2524 701 2625 adalligata,
729 2528 837 2627 adips
864 2525 1070 2604 volturinus
1089 2527 1162 2612 rel.
1200 2588 1203 2591 .

336 2639 494 2720 'Aaronem
520 2659 571 2722 vel
592 2664 755 2723 Lambriaca
789 2660 860 2723 libri
883 2658 1053 2742 exhibent,
1085 2661 1162 2725 item
1190 2664 1292 2724 nodus
1313 2658 1373 2741 R’,
1427 2632 1430 2649 ⁸

265 2780 361 2838 nodos
392 2775 433 2839 E¹
467 2785 559 2851 (nam
581 2797 682 2864 usque
716 2777 757 2842 ad
780 2778 807 2863 ὃ.
831 2778 988 2846 1191101
1014 2776 1096 2843 libro
1118 2776 1374 2862 Luciliburgensi

266 2903 397 2979 propter
410 2893 554 2958 Michelis
569 2895 813 2975 industriamuti
833 2895 939 2980 lieet),
958 2901 1206 2960 doloresomnes.
1230 2899 1375 2981 Apparet

264 3013 363 3095 igitur
384 3012 522 3075 Plinium
544 3012 575 3077 h.
598 3013 618 3075 l.
640 3012 772 3076 verbum
797 3013 940 3095 ,mederi‘
967 3035 1038 3078 cnm
1062 3021 1174 3098 quarto
1198 3034 1275 3078 oasu
1297 3033 1371 3077 oon·

263 3130 419 3195 iunxisse.
463 3130 628 3194 Vermium
651 3139 757 3194 autern
786 3131 914 3217 adipem
935 3132 1005 3217 quis
1040 3151 1189 3216 umquam
1216 3129 1296 3195 vidit
1317 3135 1372 3193 aut

264 3245 364 3310 lando
386 3249 558 3331 cognovit?
600 3248 661 3322 Qui
684 3269 702 3312 e
732 3248 948 3335 dittographia
972 3269 1020 3333 eo
1049 3249 1174 3312 facilius
1200 3249 1233 3311 in
1267 3247 1371 3312 locum

195 3440 196 3443 Ἴ
264 3385 396 3450 prorsus
419 3366 558 3428 alienum
593 3385 627 3428 se
649 3367 838 3448 insinuavit,
873 3367 959 3452 quod
992 3366 1191 3430 librariorum
1220 3363 1303 3430 oculi
1330 3364 1371 3428 ad

264 3482 404 3566 proximi
427 3481 592 3567 archetypi
614 3503 741 3547 versum
763 3492 837 3568 post
856 3469 984 3548 XXVII
997 3485 1120 3548 litteras
1144 3503 1163 3547 a
1185 3501 1264 3547 voce
1285 3463 1373 3563 adips
1421 3488 1423 3492 ’

263 3586 471 3684 incipientem
494 3601 692 3665 aberrarunt.

685 3734 763 3812 112Ι
780 3757 813 3787 =
842 3739 960 3832 13‚38.
1382 3733 1455 3800 ‘674

315 3893 335 3944 e
363 3867 513 3944 naribus
546 3867 721 3946 fluentem
763 3870 1001 3968 (sanguinem
1037 3867 1189 3960 sistunt)
1221 3890 1373 3942 -ara-

314 4002 375 4077 nei
402 3999 509 4090 telae,
536 4000 734 4102 gallinacei
760 4002 985 4080 cerebellum
1008 3999 1068 4078 vel
1095 4001 1259 4100 sanguis,
1287 4023 1372 4102 pro-

313 4133 427 4212 fluvia
454 4159 501 4213 ex
528 4137 699 4226 cerebro,
727 4137 812 4212 item
841 4133 1073 4213 columbinus
1096 4130 1161 4208 rel.
1192 4123 1193 4128 ‘

351 4265 467 4331 Geloni
489 4268 594 4332 locum
622 4268 679 4347 (dc
701 4269 762 4334 fac.
784 4269 887 4354 simpl.
909 4268 994 4334 mad.
1016 4268 1058 4332 X.
1080 4267 1157 4345 278)
1185 4265 1372 4330 Harduinus

263 4384 382 4467 attulit,
404 4383 460 4448 ubi
482 4386 615 4471 sanguis
637 4362 806 4472 gallinacei
830 4386 956 4464 εἰςτὰς
979 4393 1045 4454 τῶν
1072 4390 1235 4470 μηνίγγων
1255 4383 1371 4484 plpnp·

264 4509 383 4588 ραγίας
406 4503 560 4588 prodesse
582 4504 727 4571 traditur.
769 4503 883 4590 Itaque
902 4505 1167 4591 interpunctione¹
1180 4502 1306 4568 sublata
1326 4502 1371 4568 le·

264 4628 360 4705 garur
381 4628 526 4705 oportet:
576 4695 581 4702 ¹
1172 4612 1175 4618 ’

306 4746 352 4802 vel
365 4745 493 4818 sanquis
511 4745 663 4820 profluvio
686 4761 725 4803 aa
744 4743 876 4806 cerebro.
