3700 5625
397 969 458 1036 681

396 1568 459 1639 682

919 722 1008 784 Liber
1029 724 1152 785 XXXI.

893 921 959 994 141
987 937 1028 973 ···-·
1057 919 1176 1007 lato.

533 1048 760 1142 (Venerem)
803 1050 946 1127 inhibet
974 1050 1158 1126 citimum
1199 1048 1352 1128 cocleae
1380 1058 1415 1124 et
1448 1048 1573 1123 coluni-

530 1182 657 1262 binum
682 1178 748 1258 rel.

563 1304 635 1379 Duo
657 1314 722 1378 fimi
746 1335 865 1399 genera
887 1320 1192 1399 commemorantum
1227 1316 1335 1400 itaque
1357 1334 1413 1377 cur
1434 1307 1572 1375 librorum

480 1434 636 1518 scripturo
659 1436 834 1496 inhibent
855 1431 895 1495 ab
918 1426 1095 1497 'editoribus
1115 1440 1222 1519 spreta
1243 1432 1284 1496 sit
1306 1452 1368 1496 non
1392 1417 1539 1515 intelligo.

885 1554 955 1627 142
983 1581 1015 1610 =
1042 1548 1192 1628 ibidem.

529 1681 816 1759 lbium‘cineres
849 1706 933 1759 cnm
959 1682 1069 1783 adipe
1095 1682 1238 1758 anseris
1265 1690 1301 1757 et
1332 1680 1425 1757 irino
1453 1702 1576 1781 perun-

529 1815 617 1905 ctis,
655 1816 685 1891 si
712 1822 918 1916 conceptus
945 1813 1009 1906 sit,
1049 1823 1174 1915 partus
1214 1815 1421 1903 continere,
1461 1822 1575 1890 contra
1649 1886 1650 1898 Ν

529 1947 687 2025 inhiberi
712 1971 888 2025 venerem
922 1949 1140 2048 pugnatoris
1178 1945 1268 2047 galli
1305 1946 1487 2024 testiculis
1521 1968 1576 2020 an-

503 2058 652 2180 'serino
692 2082 801 2183 adipe
839 2080 939 2157 illitis
975 2080 1259 2182 adalligatisque
1298 2076 1397 2183 pelle
1435 2075 1576 2155 arietina

527 2216 699 2304 tradunt,
734 2216 820 2291 item
847 2216 1112 2321 cuiuscumque
1138 2214 1226 2315 galli
1256 2212 1512 2313 [gallinaceiL
1551 2211 1597 2285 si'

530 2372 613 2425 cnm
639 2347 820 2449 sanguine
837 2338 1036 2449 gallinacei
1056 2346 1154 2425 lecto
1181 2347 1418 2424 subiciantur.

402 2557 408 2564 ,
528 2484 664 2558 ,Locum
677 2481 988 2565 perturbatissimum
1010 2481 1216 2569 pluribusque
1237 2480 1359 2543 lacunis
1374 2479 1577 2544 deformatum

481 2600 551 2664 libri
566 2599 656 2664 MSS.
679 2605 854 2685 praestant,
876 2599 1018 2685 equibus
1041 2620 1138 2684 quum
1159 2595 1239 2663 R²d
1260 2596 1359 2663 verba
1381 2605 1497 2662 cineres
1520 2617 1576 2659 curn

481 2720 572 2796 adipe
592 2714 662 2798 soli,
684 2735 767 2801 quae
788 2723 875 2781 recte
897 2716 1022 2781 restitui
1043 2716 1179 2781 lectione
1192 2714 1235 2779 R¹
1258 2722 1347 2796 adips
1368 2728 1397 2779 et
1418 2714 1576 2791 indicatur,

481 2837 694 2917 servaverint,
734 2834 865 2899 eosdem
894 2835 991 2900 etiam
1019 2835 1050 2899 in
1079 2833 1208 2921 reliquis
1245 2835 1335 2920 sequi
1362 2855 1420 2920 per
1448 2841 1507 2896 esi.
1548 2831 1577 2894 ln

481 2954 596 3039 quibus
630 2953 692 3019 duo
723 2953 865 3018 remedie
897 2953 1053 3018 amatoria
1088 2953 1305 3017 diversissima
1338 2951 1577 3017 confunduntur.

480 3069 580 3154 Nam,
605 3072 681 3157 galli
709 3072 846 3136 testiculi
887 3092 959 3134 cum
988 3069 1082 3155 adipe
1118 3072 1265 3135 anserino
1298 3069 1330 3132 in
1366 3069 1475 3133 arietis
1503 3065 1577 3151 pelle

481 3189 609 3254 brachio
633 3191 779 3275 suspensi
802 3188 1009 3256 concubitum¹
1027 3188 1178 3253 excitant.
1222 3187 1385 3273 Suppositi
1407 3188 1489 3250 lecto
1513 3203 1575 3248 cum

480 3307 581 3392 ipsius
610 3310 764 3392 sanguine
802 3308 944 3372 efficiunt
970 3327 1011 3370 ne
1045 3305 1257 3369 concumbant
1279 3306 1333 3391 qui
1364 3303 1492 3368 iacent‘
1533 3299 1576 3364 lta

481 3424 556 3488 Sex.
578 3424 763 3489 Platonicus
784 3425 826 3491 Π.
848 3426 880 3492 8.
901 3426 932 3492 3.
974 3423 1088 3510 Itaque
1116 3423 1222 3509 priore
1235 3422 1304 3488 loco
1326 3443 1391 3487 non
1413 3433 1520 3486 contro
1540 3425 1575 3482 iu-

480 3548 577 3607 bibe'ri
597 3542 655 3606 sed
676 3549 873 3608 concitari
890 3542 1012 3606 Plinius
1036 3540 1201 3627 scripsisse
1216 3540 1377 3626 putandus
1390 3547 1450 3623 est,
1472 3539 1574 3626 quibus

481 3681 499 3724 e
523 3661 676 3746 proximis
697 3660 803 3731 verbis
824 3683 854 3724 v.
879 3666 946 3724 item
968 3657 1174 3744 adiungenda
1191 3665 1249 3724 est.
1272 3657 1308 3720 V.
1333 3665 1439 3723 autem
1462 3658 1576 3722 inhiberi

481 3780 522 3843 ud
540 3780 675 3843 alterum
698 3799 827 3842 sensum
849 3784 1076 3864 transponatur
1099 3783 1235 3862 oportet,
1257 3777 1360 3861 priore
1378 3798 1407 3840 v.
1421 3777 1574 3854 pelliceret

480 3918 552 3961 cum
574 3897 658 3961 R²T
685 3896 800 3963 deleta.
844 3894 996 3959 Ceterum
1018 3902 1104 3958 recte
1135 3917 1164 3959 v.
1187 3905 1346 3973 conceptus
1379 3891 1518 3956 oblano
1547 3891 1573 3952 in

479 4028 652 4095 conceptum
673 4013 799 4080 videtur·
821 4014 946 4084 mutari.
979 4012 1188 4076 Scribeudum
1211 4012 1307 4097 igitur
1324 4031 1396 4075 esse
1419 4011 1573 4074 existimo:
1651 4099 1652 4102 Ἴ

522 4185 528 4199 .
552 4182 560 4198 .
583 4184 589 4198 .
613 4138 761 4198 concitari
781 4151 913 4195 venerem
935 4169 976 4177 -
998 4135 1129 4208 trudunt,
1152 4135 1220 4194 item
1234 4133 1364 4194 inhiberi
1374 4136 1574 4204 cuiuscumque

521 4257 601 4332 ouili,
623 4257 650 4315 si
670 4269 736 4314 cum
758 4271 782 4312 s.
803 4269 833 4329 p.
856 4255 875 4315 t.
893 4271 917 4313 r.

564 4373 594 4448 ᾖ.
615 4369 677 4433 144
697 4368 796 4432 Ianus
819 4366 1011 4432 emendavit.

901 4549 1022 4626 tibull
1052 4549 1161 4628 XXXI.

562 4687 591 4770 S.
606 4686 689 4750 4-8
709 4685 743 4748 in
757 4683 1006 4748 chrestomathia
1018 4683 1164 4748 tractavi.
