3700 5625
623 811 627 818 .
718 753 807 821 coe
822 739 932 821 nul.
1333 753 1374 822 ee

281 957 312 1019 in
333 955 483 1020 nouum
504 924 562 1042 pro
584 953 774 1021 nonnula
794 953 987 1038 suppletum.
1032 950 1155 1016 Eodem
1176 953 1247 1018 looo
1268 954 1374 1019 ¹'Pheo-

279 1073 392 1158 phrasti
424 1074 527 1160 levius
557 1074 590 1137 in
625 1073 780 1158 proximis
805 1069 911 1136 verbis
944 1069 1094 1134 mendum
1129 1069 1371 1138 demonstratur,

279 1188 365 1264 Quod
385 1191 470 1261 enim
491 1191 545 1254 ille
577 1190 754 1256 tradiderat
780 1189 945 1283 doaxdsscof
973 1189 1010 1253 δὲ
1032 1192 1088 1252 καὶ
1118 1184 1276 1272 ἀμπέλων
1298 1189 1372 1257 ἔνια

277 1313 346 1395 γένη
367 1313 422 1374 καὶ
441 1308 587 1392 μάλιστα
608 1310 649 1374 τὰ
672 1307 891 1394 nod-daucum,
912 1305 946 1370 id
966 1305 1089 1370 Plinius
1112 1305 1219 1371 dativo
1243 1327 1372 1394 expres-

278 1423 407 1488 sitarv.
430 1425 630 1508 ,brevissima
643 1425 711 1489 vita
733 1425 793 1487 est‘
815 1429 899 1507 apto.
923 1422 1071 1488 Delenda
1089 1423 1188 1508 igitur
1209 1433 1258 1489 est
1280 1447 1371 1511 prae·

201 1619 202 1624 ἵ
277 1542 384 1626 positio
402 1550 480 1625 in,e
502 1544 649 1629 proxima
670 1542 777 1606 littera
798 1561 825 1604 m
846 1541 994 1625 repetita.
1032 1631 1037 1638 ι
1212 1519 1216 1525 ¹

661 1713 733 1786 245
760 1729 800 1762 =
826 1712 884 1798 44,
911 1711 970 1784 93.
1394 1697 1456 1766 30⁰

321 1859 356 1932 in
379 1858 512 1949 abiete,
539 1856 658 1934 larice
685 1856 794 1934 stelin
829 1857 918 1933 dicit
943 1855 1099 1934 Euboea
1123 1861 1226 1936 nasci
1251 1901 1298 1918 -
1326 1907 1370 1922 -

317 1989 618 2091 Copiosissimum
642 1988 678 2064 in
705 2012 845 2088 quercu
871 1989 1080 2091 adasphear
1105 2002 1251 2068 vocant.

346 2122 382 2190 ἕν
402 2131 475 2200 ταῖς
502 2118 636 2198 ἐλάταις
660 2127 717 2188 aui
737 2123 876 2199 πεύκαις
907 2121 1119 2210 Theophrast.
1148 2145 1234 2191 caus.
1263 2127 1305 2212 pl.
1327 2129 1369 2194 Π.

275 2241 319 2308 1Ἱ.
342 2246 369 2322 1,
389 2240 475 2306 unde
498 2241 584 2327 apud
605 2240 744 2304 Plinium
765 2241 881 2325 copula
901 2253 930 2304 et
952 2261 969 2306 e
990 2241 1053 2305 fine
1075 2243 1162 2307 uocis
1175 2246 1369 2328 praeceden-

274 2357 444 2423 tisvidetur
456 2357 634 2446 repetenda
647 2379 733 2441 esse;
755 2380 784 2423 v.
801 2363 976 2438 oaosptear
998 2359 1111 2423 eodem
1132 2359 1202 2424 loeo
1215 2369 1247 2426 et
1269 2365 1368 2429 altero

274 2473 340 2540 hist
361 2476 458 2561 plant.
479 2476 538 2542 111.
560 2476 609 2545 16.
632 2479 650 2542 1
686 2477 878 2562 comparatis
899 2476 932 2541 in
956 2482 1095 2541 Arcades
1116 2481 1253 2560 hyphear
1274 2483 1369 2561 corri-

275 2593 366 2676 gitur,
387 2594 543 2660 restitutis
567 2595 699 2680 quaein
722 2592 832 2659 codiee
854 2594 1027 2681 archetypo
1048 2597 1233 2662 exciderant
1254 2599 1368 2665 litteris

275 2733 332 2776 arc.
355 2711 501 2778 Ceterum
532 2719 619 2777 recte
646 2711 832 2776 Harduinus
860 2735 887 2776 v.
913 2718 985 2793 pito
1014 2713 1129 2778 e-ood.
1166 2736 1185 2778 a
1211 2718 1367 2802 scriptura

272 2836 360 2907 admo
380 2832 530 2917 vulgatae
552 2851 652 2910 pruno
674 2850 758 2916 quae
779 2852 799 2895 a
821 2829 885 2895 Sill.
915 2843 948 2897 et
970 2832 1037 2896 Ian.
1062 2834 1234 2898 etiamnum
1260 2856 1366 2901 serva·

202 3009 205 3011 ,
242 3014 247 3025 ,
275 2953 332 3030 tur,
374 2948 546 3015 substituit.
573 2938 655 3015 'sio
692 2950 777 3013 enim
811 2950 950 3037 loquitur
983 2950 1188 3015 Dioscorides
1220 2952 1278 3018 111.
1310 2955 1366 3022 93:

205 3125 207 3127 ,
274 3072 388 3145 γίνεται
416 3069 455 3134 δὲ
484 3074 540 3134 καὶ
562 3064 742 3152 ἐτι-μηλέας
762 3072 818 3132 aot
844 3064 947 3132 circlos
971 3068 1027 3132 rel.
1065 3068 1177 3133 Finem
1200 3070 1269 3134 libri
1293 3093 1364 3154 pro·

274 3178 402 3269 nimiq'ue
424 3188 549 3251 initium
571 3186 604 3251 in
626 3185 874 3253 chrestomathia
895 3185 1040 3251 tractavi.

711 3402 789 3479 tlt.
815 3398 913 3478 llll.

606 3616 619 3627 -
714 3575 737 3648 3
763 3598 797 3629 =
826 3574 857 3662 1,
886 3573 918 3646 1.
1385 3576 1444 3644 301

207 3763 210 3769 ,
314 3716 623 3797 Nobilissimorum
667 3721 831 3820 gentium
881 3720 1008 3811 ambo,
1057 3719 1212 3799 Crassus
1252 3731 1363 3823 atque

315 3852 499 3943 Domitiae,
527 3876 721 3930 censuram
745 3861 831 3956 post
847 3852 1061 3930 consulatus
1075 3852 1182 3930 simul
1195 3878 1362 3955 gessere.

343 3987 391 4052 De
413 3987 524 4052 Orassi
551 3993 585 4049 et
606 3987 746 4051 Domitio
779 3986 881 4071 iurgio
912 4006 947 4049 se
975 3992 1175 4050 narraturum
1204 4008 1276 4051 esse
1298 3989 1382 4054 Pli-¹

276 4100 415 4168 nimiam
438 4106 466 4189 ἓ.
493 4113 506 4170 1
530 4103 694 4199 protessus
716 4110 794 4170 erat.
838 4103 924 4167 Dum
949 4111 1055 4169 autem
1076 4103 1190 4167 domus
1212 4124 1308 4191 quam
1329 4109 1362 4172 in

276 4215 380 4287 Palatio
393 4222 530 4287 Crassus
536 4198 732 4308 possidebat
743 4225 938 4318 mentionem
949 4221 1036 4304 lacit,
1050 4222 1152 4287 obiter
1165 4222 1361 4306 pulchriores

278 4330 365 4404 bauli
376 4342 560 4427 Aquiliique
581 4339 695 4405 domus
717 4340 817 4404 fuisse
832 4340 975 4422 tradidit,
997 4339 1038 4405 ad
1051 4325 1200 4404 dossum
1222 4341 1271 4405 his
1292 4364 1362 4407 ver-

277 4447 315 4516 bis
331 4458 438 4524 rediit:
478 4478 561 4542 ,oum
590 4465 698 4523 tamen
726 4457 854 4522 obiecta
875 4456 993 4523 Orasso
1024 4479 1082 4522 sua
1113 4462 1180 4523 est‘
1223 4459 1360 4535 Quinam

278 4568 355 4651 igitur
381 4578 496 4658 ‚ambo‘
528 4577 576 4640 illi
603 4584 729 4659 essent,
771 4576 902 4641 minime
929 4576 997 4641 fieri
1030 4582 1155 4661 poterat
1188 4584 1223 4645 ut
1252 4599 1360 4664 quem·

279 4703 355 4767 quam
376 4695 550 4781 legentium
571 4694 696 4761 lateret.
742 4694 844 4761 Aliter
864 4701 974 4760 tamen
994 4695 1022 4758 is
1044 4694 1196 4761 iudicavit
1218 4696 1272 4782 qui
1294 4718 1359 4761 me-
