3700 5625
477 724 561 791 180‘
777 803 784 815 Ι
925 726 1015 788 Liber
1034 726 1142 789 XXX.

477 924 512 989 iu
532 923 626 988 codd.
649 922 775 1008 legitur,
796 922 940 987 variam
961 922 1123 1008 putandus
1144 926 1202 989 est.
1226 958 1265 969 -
1295 920 1387 995 Quae
1408 926 1570 1007 sequuntur

478 1063 579 1128 usque
600 1041 643 1105 ad
664 1042 693 1125 5.
716 1044 756 1107 tr
777 1041 811 1104 in
834 1039 1083 1105 chrestomathia
1105 1039 1322 1105 tractavimus.

396 1190 458 1257 656
904 1179 950 1252 31
981 1180 1144 1266 ς·-4,11.

530 1308 608 1386 Uva
639 1308 863 1407 (mitigatur)
893 1329 985 1385 suco
1014 1305 1165 1384 cocleae
1192 1330 1262 1385 acu
1288 1307 1513 1384 transfossae
1538 1307 1574 1382 il-

526 1440 589 1517 lita
616 1449 654 1518 ut
679 1441 809 1519 coclea
835 1441 915 1542 ipsa
941 1442 976 1516 in
996 1440 1094 1517 fumo
1109 1441 1372 1541 suspendatur.

559 1574 813 1638 numeniacum
843 1574 938 1639 certis
961 1572 1086 1659 legibue
1115 1573 1183 1637 lieri
1206 1581 1331 1656 namet,
1359 1574 1484 1641 Plinius
1511 1594 1574 1659 par-

476 1692 593 1755 ticulae
615 1703 648 1755 at
668 1712 779 1755 vocem
801 1697 844 1755 ita
864 1691 1069 1777 praemittere
1097 1692 1179 1757 solet
1201 1691 1289 1755 velut
1308 1690 1416 1755 XXX.
1440 1694 1496 1775 47,
1527 1692 1575 1755 ubi

477 1810 509 1872 in
523 1808 602 1872 lt²d
625 1809 790 1893 reperitur,
813 1810 844 1872 in
867 1807 951 1873 VR¹
975 1808 1103 1873 omissa.
1148 1807 1252 1883 Quam
1274 1809 1326 1873 hio
1349 1829 1479 1895 quoque
1500 1811 1575 1873 Mar-

477 1926 576 1989 cellus
598 1947 647 2008 cp.
672 1928 710 1991 14
732 1926 871 2009 addidit,
899 1945 957 1991 nos
980 1946 1021 1990 ex
1050 1926 1170 1990 ultimis
1199 1926 1345 1991 vocabuli
1372 1934 1449 1993 illita
1471 1926 1575 1991 litteris

477 2044 571 2108 facile
594 2044 800 2108 restituimus.

395 2173 455 2239 557
879 2131 926 2205 32
952 2151 994 2183 =
1020 2126 1168 2203 ibidem.

527 2258 728 2360 multipeda
767 2261 849 2336 trita
887 2260 924 2335 in
965 2259 1049 2336 fimo
1090 2257 1309 2341 columbino,
1343 2282 1426 2338 cum
1471 2283 1576 2363 passo

527 2394 819 2492 gargarizatum,
847 2374 955 2469 etiarn
983 2438 1022 2448 —
1053 2392 1264 2493 impositum
1289 2390 1354 2469 rel.
1431 2488 1439 2495 p

560 2527 610 2589 lta
631 2525 695 2590 Sill.
718 2528 825 2590 Antea
851 2532 939 2589 recte
969 2523 1079 2590 ecod.
1102 2525 1146 2589 R²
1171 2532 1270 2603 fimum
1300 2531 1516 2608 columbinum,
1543 2524 1577 2588 cl.

478 2643 618 2706 Marcell,
639 2641 732 2728 Emp.
755 2664 782 2706 c.
806 2642 854 2709 12.
885 2643 936 2708 Sc.
961 2643 1252 2730 interpungendum
1274 2651 1323 2708 est
1344 2651 1418 2729 post
1439 2651 1526 2722 trito,
1547 2650 1578 2706 ut

478 2760 673 2847 multipedae
696 2761 873 2826 remedium
896 2782 916 2826 a
936 2760 1066 2848 reliquis
1089 2760 1313 2848 distinguatur.

395 2926 456 2993 658
954 2880 1105 2957 lbidem.

529 3012 680 3089 cocleae
709 3014 818 3112 coqui
845 3013 984 3089 debent
1009 3011 1134 3090 illotae
1159 3057 1207 3067 -
1234 3019 1270 3088 et
1295 3013 1331 3087 in
1358 3036 1472 3114 passo
1506 2985 1578 3088 dari

528 3153 633 3246 potu3
661 3154 745 3223 sunt
771 3147 832 3245 qui
858 3145 1143 3246 Astypalaeicae
1161 3144 1438 3224 efficacissimas
1456 3149 1578 3246 putent

527 3287 563 3355 et
590 3303 756 3378 smegma
781 3302 917 3356 earnm.
1169 3295 1183 3330 ²

560 3410 598 3475 V.
619 3433 750 3491 smepma
772 3412 997 3497 interpolatam
1019 3432 1090 3476 esse
1113 3411 1179 3476 Sill.
1202 3411 1372 3494 intellexit3
1401 3411 1488 3497 quod
1507 3429 1577 3476 vero

479 3529 669 3592 elibrorum
691 3529 782 3595 MSS.
815 3531 898 3594 vitiis
926 3533 1057 3594 missinae
1094 3532 1123 3595 Θ
1155 3534 1289 3592 inicsima
1311 3527 1385 3592 RV
1419 3528 1526 3594 elicuit
1550 3534 1577 3592 in

478 3652 516 3708 iia
547 3654 608 3710 ima
637 3666 738 3710 eorum
773 3649 849 3711 lano
883 3647 1068 3734 probatum,
1111 3646 1172 3710 etsi
1201 3645 1328 3711 dicendi
1358 3665 1463 3731 genus
1497 3645 1575 3732 apud

478 3764 616 3827 Plinium
639 3786 701 3828 non
730 3764 1005 3847 reprehenderim,
1040 3763 1236 3828 medicorum
1267 3770 1374 3828 tumen
1403 3763 1575 3850 praeceptis

478 3881 642 3946 adversari
664 3883 808 3965 arbitror,
836 3883 889 3967 qui
911 3883 1091 3947 coclearum
1114 3883 1269 3964 cinerem,
1291 3902 1455 3966 spumam,
1478 3881 1576 3964 capita

478 4000 606 4082 saepius
628 4000 846 4080 laudaverunt,
871 4000 955 4081 ,ima‘
976 4002 996 4064 i.
1012 4021 1039 4064 c.
1062 4001 1142 4063 imas
1165 4007 1273 4085 partes
1288 4004 1441 4085 quantum
1454 3996 1575 4064 memini

475 4137 634 4201 ¹nusquam
658 4118 932 4181 commendarunt.
978 4117 1103 4203 Duplici
1125 4117 1220 4180 modo
1243 4137 1263 4180 a
1284 4116 1419 4180 librariis
1442 4123 1574 4180 erratum

479 4241 537 4313 est,
560 4242 593 4296 et
614 4236 798 4318 superlativi
827 4235 1051 4299 terminatione
1072 4241 1145 4298 sinte
1167 4234 1304 4320 repetita
1330 4240 1448 4298 etune
1479 4235 1574 4298 littera

479 4351 613 4428 omissa,
642 4371 700 4414 nos
723 4352 978 4435 interpunctione
1000 4359 1144 4416 correcta
1165 4352 1211 4418 ita
1232 4350 1415 4415 scribimus:

520 4475 656 4532 cocleae:
692 4475 842 4547 coqui-
861 4445 937 4549 potu
957 4505 999 4518 -
1020 4479 1088 4532 aurat
1110 4475 1161 4548 qui
1184 4471 1414 4550 Astypalaeicae
1434 4471 1571 4546 efficacis·

518 4593 610 4648 rimas
628 4597 732 4664 putent
754 4627 793 4639 -
816 4599 845 4650 et
866 4593 967 4652 cinis
987 4608 1101 4650 eorum.
1128 4625 1160 4634 -
1197 4587 1227 4671 §-
1249 4587 1289 4652 34
1311 4605 1374 4649 nou
1397 4598 1425 4649 et
1447 4589 1502 4664 nd,
1521 4579 1570 4646 sed

479 4722 497 4762 e
520 4702 611 4766 codd.
633 4702 703 4765 VR
724 4707 766 4766 ad
785 4703 960 4785 legendum
982 4709 1055 4767 est'
