3700 5625
478 573 539 642 m
916 579 1018 648 liter
1039 581 1151 650 XIII.

396 777 460 844 293
910 767 961 846 68
973 807 1009 839 =
1026 769 1160 864 11,2t.

525 915 579 994 Et
599 917 693 993 hanc
719 918 938 1024 (chortam)
964 920 1169 999 Alexandri
1196 921 1315 1022 magni
1346 917 1503 998 victoria
1530 943 1591 993 re-

524 1063 666 1153 pertam
688 1064 897 1131 auctorest
922 1055 978 1132 Μ.
999 1055 1142 1154 Varro,
1175 1057 1323 1133 condita
1347 1055 1386 1132 in
1412 1055 1590 1154 Aegypto

525 1189 771 1284 Alexandria3
801 1199 885 1266 ante
916 1215 963 1266 ea
993 1215 1067 1268 non
1089 1191 1206 1267 fuisse
1234 1192 1444 1268 chartarum
1469 1216 1590 1283 usum,

524 1324 563 1400 in
586 1326 789 1425 palmarum
815 1325 912 1402 foliis
938 1326 1059 1427 primo
1082 1326 1328 1428 scriptitatum
1355 1334 1418 1402 rel.

559 1484 640 1550 inde
667 1504 689 1549 a
710 1485 823 1552 verbis
853 1490 889 1553 ia
908 1486 1008 1575 palm.
1033 1483 1090 1574 [ol.
1110 1508 1266 1556 sermone
1295 1489 1424 1556 directo
1447 1486 1590 1552 Plinium

475 1603 521 1669 uti
544 1603 701 1687 coepisse
723 1622 764 1668 ac
788 1604 1030 1691 digressionem
1057 1605 1100 1670 de
1129 1625 1173 1672 ea
1197 1605 1335 1671 materie
1361 1625 1461 1693 quam
1491 1614 1591 1669 antea

476 1723 519 1787 ad
536 1720 748 1786 scribendum
773 1719 925 1788 homines
946 1705 1162 1803 adhibebant,
1182 1730 1436 1812 nantemquam
1459 1741 1482 1787 a
1505 1720 1591 1786 Var-

474 1861 558 1906 rone
580 1851 755 1925 acceptam
778 1837 944 1926 prolerre,
967 1861 1042 1905 curn
1070 1850 1141 1906 tota
1163 1839 1228 1906 loci
1251 1839 1307 1928 qai
1328 1841 1481 1928 sequitur
1503 1840 1590 1906 ratio

475 1959 575 2026 docet
604 1971 671 2025 tum
700 1960 900 2046 pracsertim
926 1961 1064 2026 verbum
1093 1959 1287 2027 manaimus.
1333 1959 1418 2026 'l'um
1446 1958 1592 2042 demum,

473 2100 574 2165 quum
596 2078 638 2145 de
659 2082 927 2146 membranarum
948 2079 1139 2146 inventione
1159 2079 1319 2169 loquitar,
1340 2079 1532 2145 Varronem
1550 2100 1590 2145 se

473 2198 569 2286 sequi
591 2209 743 2266 testatur.
787 2196 893 2266 Aliter
912 2198 1013 2284 igitur
1035 2208 1089 2264 est
1108 2196 1428 2283 interpungendum:

516 2314 797 2380 -Alexandriar
821 2325 943 2380 anteo
962 2316 1024 2400 (ita
1036 2315 1244 2401 enimpotius
1257 2315 1385 2399 scribo)
1407 2309 1592 2400 consuisse

517 2433 708 2518 chartarum
735 2455 840 2502 usum.
896 2435 944 2500 Iu
970 2433 1158 2523 palmarum
1182 2429 1271 2522 foliis
1293 2432 1399 2522 primo
1424 2432 1591 2519 scriptita-

517 2564 585 2618 tum
606 2552 665 2621 rel.

559 2672 716 2740 Similiter
728 2673 903 2742 Gesnerua
925 2693 1059 2761 quoque
1079 2675 1111 2741 in
1132 2674 1318 2742 Chrestom.
1339 2669 1453 2757 puae.
1473 2670 1590 2736 dietina-

473 2791 533 2875 xit,
555 2792 617 2861 nisi
640 2790 729 2880 quod
752 2791 851 2859 etiam
872 2802 951 2879 post
972 2813 1005 2861 v.
1022 2791 1236 2859 Alexandria
1255 2802 1414 2879 punctum
1436 2788 1567 2877 posuit.

392 2988 455 3055 224
898 2945 999 3023 aa:
1015 2946 1078 3042 ar,
1097 2946 1157 3024 27.

556 3096 699 3182 insignis
722 3108 774 3164 est
794 3094 890 3163 loeus
904 3098 946 3163 de
956 3098 1086 3165 Numae
1100 3096 1192 3164 libris
1216 3092 1589 3163 a.u.1)xxxv.acn.

472 3216 629 3282 Terentio
652 3217 765 3283 scriba
792 3216 952 3301 nepertia,
982 3236 1099 3281 verum
1129 3214 1239 3281 multia
1267 3213 1354 3280 vitiis
1381 3212 1588 3299 inquinatus,

471 3354 612 3420 quorum
641 3333 707 3398 alia
731 3330 878 3420 Silligius
908 3330 1100 3397 melioribus
1128 3332 1224 3396 codd.
1251 3327 1397 3396 feliciter
1420 3353 1504 3397 usus
1531 3353 1589 3397 su·

470 3450 577 3529 stelit,
605 3451 670 3516 alia
693 3450 903 3517 emendanda
933 3449 1075 3535 reliquit.
1127 3448 1170 3514 Et
1201 3448 1489 3533 perturbatissime
1519 3450 1589 3536 qui-

471 3548 546 3637 dem
574 3570 670 3635 Plinii
697 3570 804 3634 verba
831 3570 895 3633 iam
927 3569 961 3633 in
991 3568 1177 3653 archetypo
1212 3566 1319 3633 fuisse
1348 3586 1471 3651 magna
1500 3565 1588 3631 scri·

468 3700 600 3774 pturae,
622 3708 834 3754 numerorum
856 3690 1054 3773 praesertim
1079 3689 1242 3755 varietate
1257 3698 1291 3753 et
1310 3684 1440 3755 lacunis
1461 3686 1587 3752 evinci·

468 3823 521 3876 tur
543 3809 661 3897 quibus
682 3830 724 3873 ne
748 3809 822 3893 ipse
846 3808 979 3896 quidem
1009 3808 1087 3874 cod.
1111 3807 1143 3873 R
1164 3827 1292 3872 vacuus
1319 3816 1384 3873 est.
1439 3805 1586 3869 Primum

468 3928 579 3995 Cassii
601 3928 762 3993 Heminae
789 3928 893 3993 verba
916 3948 982 3993 non
1009 3948 1030 3993 a
1056 3947 1144 3994 voce
1174 3925 1331 4012 lapidem,
1358 3923 1456 3989 sicuti
1481 3923 1587 3991 voluit

468 4045 633 4133 Silligius,
662 4045 723 4110 sed
749 4042 1009 4111 aMirabuntur
1038 4043 1187 4128 incipere
1214 4054 1281 4108 tum
1307 4041 1403 4108 Plinii
1431 4044 1586 4111 oratione

468 4174 534 4228 tum
553 4163 720 4229 infinitivis
740 4164 898 4249 antiquae
920 4160 1050 4228 lormae
1071 4160 1267 4227 arbitrarier·
1286 4162 1507 4248 significatur,
1529 4165 1585 4251 qui

467 4283 610 4348 avenbo
633 4282 844 4361 „reddeundi
865 4284 935 4366 apti
956 4293 1044 4347 sunt.
1073 4280 1210 4349 Scilicet
1222 4282 1273 4349 aic
1287 4282 1430 4369 loquitur
1442 4281 1585 4349 Caesius

467 4432 486 4475 a
502 4408 606 4481 Plinio
620 4408 672 4474 his
687 4408 801 4475 vernis
817 4408 959 4474 citatus:
979 4397 1097 4499 ipsius
1110 4398 1296 4477 Heminae
1308 4402 1423 4477 verba
1436 4426 1583 4501 ponam.

516 4552 747 4629 Mirabantur
774 4552 854 4648 alii,
884 4551 1069 4655 quomodo
1090 4551 1143 4629 illi
1168 4551 1252 4629 libri
1278 4550 1415 4631 durare
1440 4550 1585 4652 potuis·
