3700 5625
513 557 576 642 rae
887 641 893 650 ,
973 573 1075 643 uae
1093 577 1162 644 η

513 762 728 848 punctionem
741 759 934 846 introduxit,
953 762 1028 829 sive
1046 763 1216 849 expricre
1237 762 1382 832 editione
1401 783 1470 831 sun
1486 763 1616 849 repetiit,

513 896 580 966 quo
608 889 726 946 contra
755 879 951 946 Aristotelis
976 881 1200 948 testimonium
1224 879 1310 948 diist.
1332 882 1432 948 anion.
1459 881 1518 946 lv.
1540 882 1565 946 1.
1590 893 1617 946 et

514 1011 632 1067 eontra
658 1001 763 1086 rpsrus
785 983 881 1066 Plinii
903 1000 1105 1068 sententiam
1132 1000 1272 1086 saeptae
1298 1012 1333 1066 et
1358 999 1503 1087 rorrrgoa
1528 999 1616 1065 moro

513 1129 590 1184 octo
613 1101 713 1184 nrodo
735 1119 801 1184 duo
822 1117 930 1204 pedes
951 1119 1151 1187 tribuuntur.
1192 1117 1401 1184 Necessario
1423 1119 1472 1182 ibi
1495 1117 1618 1182 conion-

512 1237 624 1323 genda
644 1217 737 1302 sunt}
757 1234 855 1323 pedes
875 1234 942 1300 due
962 1256 1005 1298 cx
1025 1233 1079 1299 die
1097 1237 1161 1320 (sc.
1184 1236 1334 1322 octonis)
1357 1235 1546 1326 longissimi.

436 1451 496 1518 m
944 1439 1199 1535 n=nu.

565 1593 749 1670 Laetatur
771 1590 867 1667 eninr
888 1592 1100 1695 'spolypw
1126 1593 1324 1692 complexu
1346 1600 1385 1668 et
1404 1592 1527 1670 sorbit
1548 1617 1617 1668 aca-

513 1746 516 1754 '
566 1729 699 1808 tabulis
722 1753 765 1804 ac
780 1753 979 1804 numeroso
1002 1738 1110 1803 suctu
1129 1726 1206 1805 diu
1226 1727 1351 1824 trahit,
1375 1754 1464 1806 cunr
1483 1730 1523 1806 in
1542 1753 1618 1804 nau·

565 1867 690 1970 fragos
715 1864 951 1942 urinantesve
976 1865 1157 1967 impetum
1184 1864 1283 1968 cepit
1310 1911 1354 1924 -

599 2020 648 2084 lte
670 2017 817 2104 Silligius
840 2038 859 2084 e
879 2017 954 2084 cod.
975 2016 1045 2098 R’,
1073 2038 1161 2084 voce
1181 2016 1241 2081 diu
1262 2015 1452 2084 nisi-failor
1475 2037 1496 2082 c
1519 2033 1616 2082 corre

515 2139 625 2206 ctione
655 2146 739 2205 orta.
788 2136 922 2224 Reliqui
954 2138 1041 2232 eninr
1065 2137 1142 2203 libri
1161 2137 1246 2204 Mss.
1273 2138 1325 2204 sic
1345 2135 1481 2222 legunt:
1512 2136 1562 2202 R¹
1579 2133 1616 2196 da

516 2257 630 2340 tradit,
650 2257 767 2343 rReg.
778 2258 802 2321 1.
815 2256 921 2325 Paris.
943 2256 1023 2320 dnm
1040 2257 1152 2342 tradit,
1174 2256 1262 2344 quod
1280 2257 1410 2342 recepit
1425 2255 1616 2334 Heudonos,

514 2377 615 2443 Barb.
638 2375 832 2462 Delecamp.
854 2375 1016 2457 detrudit,
1043 2377 1092 2442 Τὰ
1119 2375 1229 2445 trahit.
1293 2376 1451 2463 Apparet
1484 2397 1555 2443 earo
1576 2374 1613 2438 le·

452 2501 455 2508 '
516 2497 659 2562 ctionem
685 2516 783 2582 quarn
803 2494 947 2560 ultimam
971 2495 1314 2579 commemoravimus,
1335 2492 1475 2580 reliquis
1496 2490 1591 2580 praes
1602 2528 1615 2540 -

515 2615 653 2680 rendam
666 2633 755 2680 esse.
777 2612 812 2677 ln
828 2633 870 2678 eo
892 2611 979 2676 enim
1001 2611 1169 2697 exemplo,
1186 2612 1276 2677 unde
1297 2611 1452 2698 plerique
1461 2612 1536 2680 libri
1545 2610 1614 2676 Mss.

515 2719 676 2819 descripti
697 2743 791 2810 eunt,
819 2740 916 2816 puto,
941 2737 1039 2793 suctu
1058 2728 1289 2815 descriptum
1313 2742 1398 2817 erat,
1420 2732 1513 2818 quod
1535 2731 1613 2794 ditto-

515 2853 679 2941 graphiae
700 2852 811 2915 vitium
832 2849 1042 2915 recentiores
1055 2848 1193 2924 scribae
1214 2847 1394 2923 emendare
1405 2851 1611 2917 mobeatur.

518 2972 594 3039 Vox
616 2981 727 3039 autern
757 2967 816 3031 diu
844 2965 978 3031 vividae
1002 2964 1221 3050 descriptioni
1252 2964 1455 3053 aliquantum
1485 2964 1613 3035 detrahit

513 3113 624 3181 neque
646 3092 690 3157 ad
711 3107 925 3157 numerosum
945 3097 1075 3153 suctum
1097 3096 1210 3171 aptum
1230 3085 1371 3179 uidetur.

437 3293 500 3361 194
559 3278 562 3283 ⁴
944 3270 1189 3367 98:313510

562 3425 745 3535 Universi
772 3418 958 3526 (canori)
987 3392 1237 3524 aliquando
1268 3440 1555 3530 congregantur,
1577 3445 1610 3497 oa

506 3622 512 3633 .
566 3562 679 3639 Ponti
693 3561 866 3638 evincere
888 3585 963 3635 uon
978 3536 1111 3655 valent,
1135 3567 1373 3661 quamobrem
1389 3565 1533 3667 egressi
1553 3560 1609 3637 cir·

568 3709 742 3778 oumaunt
768 3708 996 3800 apparetque
1021 3698 1149 3777 tritum
1173 3699 1260 3780 iter.

559 3880 562 3886 ,
599 3850 762 3917 Aelianus
784 3850 869 3915 Hist.
894 3852 992 3917 anim.
1007 3853 1143 3918 vitat.
1163 3854 1197 3917 in
1218 3853 1295 3918 sinn
1315 3852 1459 3939 quodam
1482 3841 1609 3933 Bospori

515 3970 715 4063 congregari
740 3986 886 4034 cancros
907 3968 1014 4035 refert
1028 3970 1139 4057 ibique
1158 3968 1311 4057 singulos
1322 3970 1458 4055 operiri,
1478 3970 1608 4057 quicun-

515 4091 638 4154 trarios
662 4088 786 4154 fluctus
808 4108 828 4152 e
850 4088 958 4155 Ponto
986 4091 1210 4176 irrumpentes
1233 4090 1348 4155 subire
1379 4088 1608 4178 nequeanqat

506 4208 646 4291 -agmine
674 4205 774 4273 sacto
792 4208 956 4272 terrestri·
972 4207 1092 4273 itinere
1118 4204 1227 4272 locum
1253 4207 1534 4291 impenneabitenr
1553 4202 1608 4269 cir·

502 4324 652 4402 -cnntire,
672 4342 783 4409 neque
795 4326 861 4388 hoc
874 4344 1009 4409 semper
1018 4322 1103 4408 fieri,
1123 4325 1187 4390 sed
1203 4337 1271 4390 tum
1286 4336 1424 4406 uotum,
1445 4316 1606 4412 siquando

514 4436 745 4509 vehementius
761 4442 900 4508 el’outo
920 4441 1030 4508 undae
1042 4441 1074 4506 in
1088 4440 1277 4527 Bosporum
1290 4444 1457 4529 ingruant.
1490 4438 1605 4507 Plinium

507 4562 603 4628 idern
630 4576 790 4625 narmese
821 4559 960 4644 eiusque
985 4558 1170 4627 ontionem
1201 4562 1400 4629 diiunctum
1424 4572 1467 4637 et
1483 4556 1606 4628 hinnu
