3700 5625
710 747 801 819 uter
821 746 916 812 ΧΧΙ.
983 767 989 774 ·

698 999 937 1084 m=1tno
1160 990 1163 994 ’
1385 1035 1448 1101 ino
1537 989 1540 1010 '

315 1125 585 1224 tNyotegneton
616 1162 644 1181 *—
686 1125 933 1213 Democritus)
962 1128 1194 1239 praeeipuam
1228 1127 1265 1201 in
1293 1121 1387 1202 Ge·

313 1259 434 1334 drosia
461 1267 590 1349 narrat.
620 1261 697 1335 erui
724 1267 810 1359 post
835 1259 1119 1359 aequinoctium.
1171 1289 1176 1304 ·

339 1392 473 1456 Plenius
495 1394 591 1456 etiam
613 1393 811 1478 interpunxit
830 1395 945 1474 Ianus,
967 1399 1085 1476 puncto
1111 1397 1185 1477 post
1205 1413 1235 1456 v.
1258 1403 1366 1456 narrat

276 1513 373 1594 posito.
417 1513 462 1574 At
484 1511 603 1576 Plinius
626 1510 778 1576 eontiuua
799 1511 944 1576 oratione
966 1483 1106 1588 llixerst:

215 1612 216 1649 l
302 1651 328 1708 p.
352 1634 371 1692 i.
394 1634 427 1693 G.
451 1641 560 1692 murat
582 1635 649 1692 erui
667 1651 699 1706 p.
723 1650 752 1691 α.
799 1624 807 1632 ’

496 1867 510 1880 ³
560 1764 794 1854 on=tt‚38.
824 1763 892 1854 (de
919 1760 1063 1868 violis).
1147 1822 1165 1844 ‚.
1385 1798 1449 1866 457

310 1898 475 1998 proxime
502 1896 707 1974 llannusum
735 1897 836 1996 quod
860 1894 975 1995 phlox
1004 1904 1166 1985 vocatur,
1193 1892 1364 1970 silvestre
1418 1951 1421 1960 ,

313 2033 508 2106 dumtaxat.
628 2045 634 2060 ’

341 2134 791 2251 pinsitammero).
833 2160 921 2224 Loco
944 2157 1080 2225 xxvii.
1103 2160 1145 2224 44
1180 2159 1249 2239 ,nos
1271 2177 1365 2243 quem
1456 2177 1458 2184 ·

275 2282 345 2344 lovis
357 2278 518 2343 flammam
534 2279 776 2365 appellavimus‘
800 2279 864 2349 (sie
886 2283 974 2342 reete
986 2277 1082 2362 vulgo
1105 2276 1234 2361 legitur)
1250 2275 1368 2340 oollato

274 2398 464 2462 scribendum
487 2405 552 2461 est:
587 2401 686 2476 phlox
709 2399 789 2459 neos.

666 2539 712 2608 65
739 2530 947 2608 :ibidem

313 2694 330 2741 e
357 2667 490 2742 ueteris
517 2664 738 2763 hyacinthus
779 2664 935 2738 maxime
963 2661 1069 2737 durat
1096 2672 1132 2737 et
1160 2661 1257 2738 viola
1283 2661 1365 2739 alba

314 2811 347 2875 et
372 2798 567 2887 oenanthe,
595 2796 663 2873 sed
690 2798 783 2872 liaeo
812 2796 861 2872 ita
881 2795 912 2871 si
941 2794 1097 2872 devolsa
1125 2793 1255 2871 erebro
1283 2819 1367 2894 pro-

315 2933 478 3008 hibeatur
504 2932 539 3005 in
567 2930 787 3021 seminibus3
821 2928 1027 3004 renascitur
1052 2927 1145 3004 loeis
1170 2928 1317 3028 tepidis.

345 3065 391 3128 lta
412 3064 480 3127 Sill.
503 3064 597 3126 lanus
618 3069 693 3146 post
714 3083 741 3125 v.
764 3055 891 3142 semine,
926 3058 1012 3145 quod
1034 3058 1165 3124 eoodd.
1187 3058 1218 3121 V
1236 3059 1256 3122 d
1278 3078 1366 3123 reue-

276 3180 321 3263 pit,
341 3182 458 3245 leviore
482 3181 573 3265 signo
597 3180 742 3264 apposito
764 3184 841 3242 naec
862 3200 935 3243 eum
957 3200 985 3243 v.
1007 3184 1179 3241 renascitur
1192 3174 1367 3240 coniunxit.

278 3299 316 3360 De
335 3296 757 3383 oenantheThmplrrestus
778 3296 824 3360 ita
841 3295 967 3360 loeutus
990 3302 1053 3359 est:
1076 3292 1232 3369 ὡσαύτως
1253 3292 1291 3357 δὲ
1312 3297 1369 3357 καὶ
1493 3283 1501 3296 ’

1387 2588 1449 2656 458

215 3413 216 3432 ³
278 3411 290 3493 l
316 3414 450 3500 οἰνάνθη
473 3450 511 3459 -
536 3409 596 3479 ἐάν
617 3433 666 3489 τις
695 3412 856 3504 ἀποπνίξῃ
884 3417 940 3477 καὶ
962 3410 1090 3501 ἆφαιρῇ
1118 3412 1155 3477 τὸ
1178 3411 1285 3486 ἄνθος
1310 3414 1368 3473 καὶ

278 3530 310 3614 μὴ
326 3527 363 3619 ἐᾷ
385 3536 666 3619 σπερματοῦσθαι
699 3536 756 3595 καὶ
776 3527 825 3595 ἔτι
845 3530 953 3595 τόπον
981 3529 1111 3595 εὔειλον
1138 3526 1215 3619 ἔχῃ,
1246 3526 1285 3591 de
1315 3547 1364 3590 re·
1458 3538 1463 3543 “
1542 3528 1547 3539 “

215 3647 216 3650 ’
279 3657 413 3712 nascente
434 3649 512 3711 flore
534 3648 621 3732 loqui
648 3646 827 3733 neque‘ille
850 3647 969 3731 potuit,
1002 3648 1151 3731 quoniam
1179 3666 1243 3710 non
1273 3644 1366 3708 duret
1415 3636 1428 3647 ”

279 3765 320 3846 qui
340 3766 524 3846 renascitur,
560 3784 665 3850 neque
682 3766 735 3850 qui
763 3783 836 3828 eum
865 3762 907 3827 ad
939 3763 1071 3828 verbum
1107 3762 1174 3827 lere
1208 3763 1367 3847 expressit

279 3878 382 3945 Plinius
406 3882 578 3968 quidquam
608 3861 917 3967 dixisse'putandus
947 3886 1005 3945 est.
1048 3882 1149 3943 immo
1172 3879 1365 3944 eontrarium

218 4061 219 4078 p
279 4000 391 4077 protulit
412 3998 497 4084 quod
520 4020 583 4062 uno
606 3999 708 4084 eoque
729 3998 880 4062 faoillimo
913 4018 1019 4062 errore
1041 4002 1183 4086 oprreoto
1206 4016 1224 4058 e
1247 3995 1315 4059 eod.
1337 3994 1366 4053 V

279 4105 428 4180 restituere
455 4116 539 4179 linet.
581 4118 619 4180 In
653 4116 827 4201 archetypo
859 4116 943 4179 enim
973 4114 1146 4177 infinitivus
1169 4112 1285 4176 'verbi'
1302 4134 1365 4198 quo

281 4227 418 4328 Graecum
441 4214 721 4320 orreppatoaimlai
754 4234 1024 4317 oireumseriptum
1049 4237 1132 4312 erat,
1165 4250 1237 4295 oum
1274 4250 1364 4314 prae·
1441 4260 1446 4291 .·
1475 4310 1477 4314 ι

281 4349 418 4427 positione
439 4351 588 4435 proxima
607 4351 655 4413 ite
675 4350 838 4416 ooaluerat
858 4355 894 4413 ut
914 4350 1009 4412 tertia
1025 4348 1206 4432 praesentis
1227 4367 1365 4432 persona

215 4485 216 4534 3
282 4464 420 4531 existeret.
463 4468 549 4533 Nam
570 4468 616 4531 ito
636 4467 724 4534 hand
746 4467 842 4537 dubie
862 4466 987 4531 Plinius
1010 4466 1154 4549 scripsit:

215 4663 216 4672 ἵ
312 4618 347 4631 -
363 4606 387 4647 a.
406 4591 437 4649 lt.
458 4592 514 4649 ts
547 4590 617 4649 tle
649 4589 850 4667 prohibeatur
881 4590 912 4653 in
941 4589 1050 4651 semine
1072 4588 1205 4659 renasci,
1234 4587 1265 4648 in
1291 4586 1365 4653 locis

313 4707 418 4779 tepente
