3700 5625
498 755 542 826 22
949 759 1040 824 aner
1059 759 1151 822 ΧΠ.

416 1000 479 1068 285
830 958 912 1031 rra
940 958 1103 1044 rs=aa
1130 959 1188 1032 sn.
1216 958 1275 1032 aa.

581 1102 742 1168 Immerito
764 1123 783 1166 e
804 1103 950 1168 eodieum
980 1102 1106 1168 mendis
1133 1107 1237 1167 salicta
1258 1105 1309 1200 nel
1330 1109 1424 1168 silicis
1452 1105 1600 1189 pluralem

499 1228 607 1286 salices
630 1220 755 1286 extudit
766 1220 860 1303 ult,
889 1242 984 1307 quem
1011 1223 1034 1286 Ι.
1057 1221 1214 1306 sequitur,
1248 1241 1320 1285 aum
1344 1221 1518 1307 singularis
1538 1227 1600 1284 sati-

501 1357 563 1401 aem
595 1341 628 1400 et
657 1336 789 1402 Catonis
816 1339 887 1403 loeo
919 1361 945 1403 r.
978 1343 1056 1402 rust.
1082 1339 1102 1404 6
1134 1337 1188 1424 qui
1217 1337 1362 1403 aPlinio
1383 1339 1537 1403 laudatur
1575 1347 1603 1402 et

500 1454 633 1518 relativa
655 1475 716 1532 qua
737 1455 994 1540 sommendetur3
1017 1455 1162 1520 similiter
1184 1457 1288 1538 §.174
1308 1458 1475 1543 vulgatam
1501 1458 1602 1521 lentio·

502 1591 576 1635 nem
598 1577 678 1635 aliae
708 1573 738 1636 ei
767 1556 863 1660 quam
890 1593 909 1638 e
940 1571 1104 1638 codicibus
1126 1574 1157 1640 S.
1179 1573 1203 1638 l.
1225 1581 1417 1659 receperunt
1453 1573 1601 1660 praefero.

503 1688 548 1752 At
567 1694 656 1753 reate
678 1688 745 1754 Sill.
766 1690 940 1774 intellexit,
962 1691 1050 1778 quad
1070 1691 1167 1778 vulgo
1191 1691 1309 1773 editur,

465 1902 470 1908 .
551 1804 639 1883 lieet
677 1805 819 1883 alni-
848 1810 884 1884 in
918 1808 1070 1887 tutelam
1104 1810 1198 1886 ruris
1231 1811 1417 1886 excubent
1445 1811 1483 1884 in
1518 1833 1604 1908 aqua

553 1945 656 2018 satae
682 1963 890 2041 caesaeque
917 1942 1070 2019 densius
1096 1942 1286 2018 innumero
1308 1941 1449 2018 herede
1473 1942 1603 2042 prosint

503 2073 580 2138 leni
600 2093 665 2137 non
688 2093 795 2158 posse,
817 2076 969 2160 quoniam
991 2080 1112 2140 densim
1132 2095 1205 2139 aum
1226 2074 1393 2160 partieipia
1414 2086 1506 2138 sarae
1526 2072 1603 2137 nullo

503 2190 600 2256 mado
621 2191 772 2276 aoniungi
792 2192 902 2276 possit.
945 2191 1134 2278 Lugendum
1157 2198 1207 2256 ent

545 2321 633 2373 satae
651 2314 774 2374 dentiae
794 2330 960 2389 caesaeque
980 2311 1037 2376 rel.

609 2477 616 2492 .
639 2426 710 2494 174.

556 2425 688 2619 silicis
715 2544 837 2620 statim
862 2542 969 2644 plura
991 2547 1133 2644 genera
1160 2587 1202 2600 -
1232 2544 1472 2622 candidiores
1490 2542 1602 2620 ablata

346 2658 350 2666 ¹
482 2762 486 2770 ,
555 2675 693 2753 eartiae
720 2674 869 2776 levique
895 2683 1051 2754 tractatu
1083 2675 1312 2756 mollioribus
1339 2676 1462 2768 vasis,
1505 2698 1603 2776 quam
1652 2767 1653 2789 Ν

555 2817 595 2885 ut
621 2834 642 2885 e
671 2809 772 2889 corio
799 2810 902 2901 fiant,
943 2817 1052 2910 atque
1081 2811 1189 2887 etiarn
1216 2811 1428 2911 supinarum
1457 2811 1494 2888 in
1522 2805 1603 2885 deli·

556 2942 634 3019 eias
660 2942 916 3020 cathedrarum
942 2943 1164 3044 aptissimae.

503 3138 513 3149 ,
586 3080 693 3141 Statim
725 3075 914 3141 mutandum
943 3083 993 3163 est
1027 3076 1059 3139 in
1083 3088 1199 3169 aratera3
1226 3076 1372 3160 proxima
1400 3075 1503 3139 verba
1525 3070 1600 3136 eodi·
1651 3140 1652 3176 i

503 3212 558 3257 ees
591 3192 734 3258 scribunt
755 3210 814 3292 aaa
848 3192 889 3276 (T
911 3192 933 3256 d
954 3202 1024 3272 que)
1046 3205 1079 3257 at
1099 3212 1138 3255 aa
1158 3197 1242 3257 easta
1261 3200 1337 3270 fiant
1359 3196 1482 3270 eadem,
1524 3187 1600 3253 uude

501 3312 598 3374 lanus
619 3310 727 3375 effecit
739 3332 819 3391 qnae
840 3322 873 3375 ut
892 3332 948 3376 aee
969 3317 1053 3375 caria
1073 3316 1150 3388 fiant
1169 3315 1272 3374 eodem
1289 3330 1331 3373 sa.
1354 3316 1506 3389 tractatu,
1527 3324 1600 3394 quae

503 3428 663 3512 quomodo
685 3427 876 3514 explicanda
898 3430 962 3493 sint
982 3431 1106 3492 neseio:
1129 3427 1277 3497 anetam
1287 3427 1464 3491 Salmasius
1479 3424 1599 3501 invenit,
1650 3514 1651 3525 ἵ

503 3549 606 3607 eadem
633 3550 708 3630 post
728 3558 827 3625 atque.
844 3545 1064 3610 eolloeaudum
1093 3551 1143 3609 est
1168 3543 1405 3629 legendumque
1438 3564 1526 3626 ‚quae
1544 3545 1599 3603 siaa
1650 3536 1651 3562 ¹

504 3667 588 3725 caria
613 3666 715 3745 fiant‘,
749 3682 792 3726 se.
821 3664 860 3726 iis
894 3644 980 3727 vasis
1013 3683 1095 3749 quae
1129 3682 1201 3726 eum
1226 3663 1289 3725 sint
1316 3660 1463 3724 molliora
1493 3657 1598 3725 eortina

503 3798 614 3844 narare
635 3779 788 3860 debeant„
811 3791 900 3860 atque
919 3785 1020 3844 eodem
1043 3787 1131 3844 etiam
1153 3800 1196 3845 se.
1219 3778 1280 3843 levi
1303 3768 1452 3842 tractatu.

903 3939 974 4013 178
1000 3959 1041 3990 =
1068 3938 1203 4023 3110.

551 4062 629 4142 Nee
654 4064 690 4140 in
719 4128 726 4143 .
754 4124 762 4142 .
790 4080 800 4143 .’
827 4128 834 4143 .
861 4065 933 4145 alia
973 4063 1048 4143 ullo
1076 4087 1185 4163 quarn
1212 4088 1280 4143 sua
1316 4089 1456 4164 genere
1483 4083 1596 4142 nume·

552 4204 678 4272 rentur
702 4198 780 4275 iure
808 4200 919 4299 seirpi
946 4199 1097 4298 fragiles
1124 4197 1401 4297 palustresque‚
1428 4199 1476 4274 ad
1503 4202 1595 4293 tegu·
1648 4240 1649 4334 p

554 4325 629 4403 lum
655 4334 893 4429 segetesque,
936 4331 1118 4430 equibus
1154 4331 1319 4431 detracta
1355 4330 1492 4407 codiee
1522 4345 1594 4403 ean·
1647 4436 1648 4439 Ν

555 4457 663 4535 delae
689 4457 952 4541 luminibus-at
978 4463 1167 4539 funeribus
1195 4446 1380 4555 serviunt..
1647 4558 1648 4570 Ν

588 4596 705 4671 sarpa
733 4592 795 4657 levi
823 4594 939 4659 mendo
973 4593 1037 4658 ad.
1079 4594 1180 4658 Iidem
1203 4615 1266 4658 uon
1290 4599 1332 4657 ad
1354 4594 1411 4659 sed
1434 4606 1463 4658 et
1482 4594 1592 4672 lepidam

505 4708 647 4772 scribunt
659 4708 793 4795 quudab
802 4712 881 4775 lana
891 4718 1056 4798 receptum
1069 4732 1129 4776 nee
1140 4718 1247 4777 tamen
1255 4711 1449 4797 explicatum
1463 4717 1518 4776 est.
1537 4700 1590 4770 Sill·
