3700 5625
698 574 799 640 Mer
821 575 931 643 7111.
1312 578 1376 645 lta

311 787 406 840 num
432 762 575 842 idest
605 761 667 868 -]
695 761 841 840 barbari
861 769 1064 858 venantur-3
1096 775 1256 866 occupat
1275 765 1375 844 illieo

310 902 437 976 fauces
459 922 587 974 earum
610 921 743 998 angor,
767 916 889 998 quare·
899 898 1180 1000 pardalianches
1203 899 1242 975 id
1264 926 1374 978 rene-

311 1064 396 1113 num
423 1037 657 1137 appellavere
685 1035 843 1135 quidam.

345 1171 460 1239 Verba
482 1173 577 1238 uncis
599 1171 731 1237 inclusa
750 1192 837 1258 quae
858 1171 1030 1238 aBarbari
1047 1168 1146 1237 codd.
1162 1171 1295 1251 absunt,
1316 1193 1374 1237 ue·

270 1293 331 1356 seio
353 1271 574 1356 an'Gelenius
597 1288 724 1375 primus
747 1291 878 1357 ecodd.
899 1291 971 1356 suis
985 1291 1161 1376 receperit.
1189 1289 1260 1378 Ego
1274 1313 1373 1378 quum

270 1412 368 1474 statim
397 1431 564 1474 venenum
597 1407 801 1493 appelletur,
839 1427 859 1472 a
888 1407 1025 1474 librario
1058 1407 1202 1494 quodam
1234 1409 1373 1495 margini

271 1529 432 1614 adscripta
453 1527 645 1612 putaverim.

674 1621 956 1738 1aa=aa‚5a'.
1390 1654 1451 1720 uu

313 1780 513 1884 Hystrices
534 1789 688 1882 generat
714 1777 820 1854 lndia
844 1788 881 1853 et
902 1778 1031 1856 Africa
1053 1779 1160 1881 spina
1184 1790 1372 1882 contectas

314 1944 360 1994 ac
387 1919 644 1995 erinaceorum
668 1939 808 2017 genere
839 1923 901 1990 rel.
1026 2007 1031 2015 ς

345 2071 591 2156 Comparantur
614 2069 787 2154 hystrices
808 2087 884 2134 eum
907 2069 1074 2135 erinaceis
1097 2069 1154 2154 qui
1175 2071 1205 2157 ς,
1220 2069 1291 2136 133.
1312 2072 1372 2136 ‹le-

273 2194 461 2258 scribuntur.
512 2189 664 2275 Apparet
684 2188 785 2274 igitur
802 2187 1003 2273 particulam
1029 2210 1069 2252 oc
1089 2199 1183 2254 reete
1205 2208 1225 2252 a
1246 2188 1372 2273 Silligio

274 2311 420 2377 damner-i.
439 2309 548 2376 cora.
560 2310 614 2376 ΒΔ
627 2308 754 2376 habent
774 2310 870 2397 apina
886 2316 1035 2373 contecta
1054 2329 1095 2374 oe
1113 2311 1372 2396 uimaeem

272 2428 377 2516 reliqui
396 2442 432 2495 ut
451 2426 583 2494 videtur
607 2447 724 2493 omnes
746 2435 922 2494 contaetus.
966 2427 1010 2491 Et
1029 2429 1278 2494 uinuaeeoranr
1299 2432 1372 2517 qui·

275 2548 337 2613 dem
358 2547 440 2612 nihil
461 2559 515 2612 est
536 2567 634 2632 quam
659 2544 933 2610 herimarum
961 2558 1070 2612 restat
1094 2548 1195 2633 igitur
1218 2572 1261 2614 ae
1282 2553 1371 2638 quod

273 2666 359 2733 facile
377 2668 573 2733 emendatur
590 2675 637 2734 ut.
673 2667 758 2732 Nam
775 2665 839 2731 has
860 2665 1046 2750 particulas
1066 2667 1249 2749 simillimas
1270 2671 1371 2736 inter·

273 2788 338 2853 dum
358 2789 391 2853 iu
416 2787 515 2855 codd.
536 2786 621 2853 Mes.
642 2784 798 2853 'conlundi
818 2798 935 2852 uotum
958 2798 1026 2867 est,
1051 2786 1104 2853 vel
1124 2800 1161 2854 ut
1180 2789 1209 2877 §.
1225 2788 1294 2854 136.
1316 2791 1370 2857 erl.

271 2908 374 2976 Dalee.
398 2907 573 2977 achabet.
619 2906 872 2991 praepositione
893 2906 975 2991 ,‚iu“
998 2908 1098 2993 igitur
1122 2929 1166 2973 ex
1188 2920 1373 2995 argenteae

273 3030 380 3093 aetatis
403 3026 537 3091 lieentia
560 3024 728 3109 omissa*)
752 3024 936 3109 scripsisse
956 3024 1089 3090 videtur
1110 3025 1252 3094 Plinius:

432 3143 528 3230 spina
550 3151 713 3207 renuetur
733 3150 778 3205 ut
798 3140 1050 3206 herinaceum
1067 3149 1194 3233 periere.

675 3276 879 3371 129=3a‚
896 3277 959 3353 54.
1206 3297 1210 3307 ’
1392 3296 1452 3363 183

221 3420 224 3431 ’
313 3414 507 3491 Eireuntes
538 3414 673 3513 (ursi)
706 3411 860 3487 herbam
894 3413 1076 3513 quandam
1108 3461 1161 3473 —
1196 3418 1374 3495 devorant

314 3552 484 3651 circaque
511 3551 681 3625 surculos
704 3548 869 3625 (lentium
895 3551 1178 3651 praedomantes
1202 3582 1295 3632 ora.

345 3688 473 3752 Locum
499 3696 693 3770 corruptum
716 3699 749 3750 et
771 3687 916 3750 nondum
940 3701 1092 3753 sanatum
1115 3711 1194 3756 esse
1212 3704 1305 3757 recte
1325 3693 1374 3758 iu·

274 3806 383 3873 dicavit
413 3806 578 3891 Silligius,
608 3822 762 3889 magnam
791 3802 1015 3887 corruptelam
1044 3806 1156 3871 inesse
1185 3819 1289 3873 ratus.
1333 3808 1375 3871 Et

275 3925 455 3993 Aristotelis
485 3926 617 4011 quidem
641 3922 751 3988 loerrm
778 3921 861 3987 llist.
889 3923 988 4021 anim.
1007 3922 1067 3991 lX.
1086 3922 1117 3990 li.
1144 3920 1201 3989 mi
1226 3924 1267 3990 rol
1292 3925 1375 4008 ξύλα

274 4048 486 4131 διαμασῶνται
507 4038 612 4129 ὥσπερ
634 4041 892 4126 ὀδοντοφυοῧσαι
920 4042 951 4107 sl
979 4043 1022 4107 ad
1049 4044 1187 4108 verbum
1214 4063 1235 4105 a
1268 4044 1373 4115 Plinio

275 4180 462 4247 expressum
489 4184 568 4229 esse
595 4173 744 4241 statuas,
774 4160 970 4227 necessario
996 4182 1064 4228 non
1087 4161 1374 4249 praemunientes,

275 4282 360 4347 sicuti
372 4286 542 4349 Pintianus
560 4280 705 4361 volebat,
724 4282 786 4345 sed
805 4279 1058 4366 permandentes
1070 4283 1288 4351 scribendum.
1301 4286 1377 4369 erit,

338 4455 366 4521 ⁸)
400 4456 441 4507 lla
458 4452 576 4509 ablativi
599 4450 671 4518 apud
690 4448 812 4501 Plinium
832 4464 884 4499 usu
911 4447 1072 4517 diligenter·
1084 4450 1146 4519 egit
1165 4448 1376 4507 wannewrlriua

279 4534 302 4586 in
321 4538 447 4595 Plutoni·
472 4560 497 4607 p.
512 4543 546 4591 21
566 4555 625 4606 sqq.
651 4535 791 4608 gymnasii
818 4531 1013 4587 Pos'naniensis
1038 4538 1241 4610 programmati
1264 4555 1289 4591 a.
1311 4543 1376 4593 latr

281 4636 294 4683 r
297 4638 386 4675 rrrrrrr
389 4638 436 4675 eu,

1127 4688 1169 4752 10
