3700 5625
722 749 815 816 uuor
838 749 947 814 am
1341 745 1388 818 39

287 967 345 1013 ιιι
376 945 609 1034 intelligerent,
651 945 821 1012 molentem
851 945 1042 1032 pericuum
1078 943 1109 1010 ei
1144 941 1386 1012 substituerunt

286 1064 349 1132 lieo
368 1065 474 1150 potuit
505 1063 643 1150 intelligi
663 1083 735 1130 eum
766 1063 912 1150 proxime
933 1063 1122 1149 pronomine
1152 1067 1230 1142 λιιι
1257 1060 1386 1147 copula·

288 1186 358 1246 tnm.
398 1182 587 1268 Antiquitas
607 1185 668 1246 tec
688 1179 887 1247 scribebatur
907 1181 942 1246 in
965 1179 1075 1246 eodiee
1099 1179 1288 1266 archetypo,
1316 1197 1385 1246 eor·

286 1304 401 1364 rectam
421 1305 554 1384 pentec,
588 1297 676 1363 unde
696 1297 816 1364 laetum
838 1303 889 1364 eet
908 1303 946 1362 ut
963 1302 1133 1383 utrumque
1154 1315 1330 1382 pronomen
1351 1295 1385 1364 in

286 1415 473 1500 muteriorer
495 1415 623 1480 eedioeo
644 1415 897 1501 transmigraret
939 1415 1051 1480 Altera
1072 1433 1199 1500 quoque
1222 1433 1287 1480 uox
1305 1433 1384 1493 ecm-

286 1552 346 1596 ιιιι
367 1534 539 1600 correctori
560 1534 671 1600 nereio
705 1533 757 1598 eui
778 1532 912 1598 debetur
939 1524 1024 1598 male
1044 1531 1090 1598 illi
1111 1530 1240 1618 quidem
1262 1529 1384 1614 sedulo,

286 1669 419 1735 namque
431 1670 516 1736 quoe
536 1651 569 1716 iu
587 1650 680 1718 codd.
702 1649 756 1733 ed
775 1650 933 1736 reperitur
953 1655 1084 1728 ιειιιιιιιι
1105 1648 1278 1716 ablativum
1292 1669 1384 1735 prae·

285 1765 336 1832 bet
357 1765 399 1832 ad
418 1767 590 1834 verborum
612 1774 803 1834 ebuetumm
826 1767 1053 1834 neceesarium.
1081 1765 1203 1834 Oorten
1223 1767 1309 1832 enim
1330 1765 1385 1832 ubi

286 1883 419 1968 germine
443 1885 613 1972 expellitur
649 1884 770 1952 nedum
812 1883 916 1951 efficit
961 1883 1045 1958 Quid
1082 1884 1168 1970 quod
1200 1882 1384 1970 avergflio
1444 1890 1447 1902 '

287 2003 397 2089 Georg.
419 2003 459 2067 II.
482 2003 524 2072 76
545 2001 631 2067 idem
660 2001 852 2070 vocabulum
874 1999 989 2068 eodem
1015 2021 1146 2088 prorsus
1176 2020 1274 2066 aenou
1294 2020 1384 2066 usur-

285 2125 387 2204 patur,
417 2139 481 2207 quo
503 2141 534 2186 v.
555 2120 597 2190 74
628 2123 797 2207 ,gemmue‘
831 2119 978 2184 diderat?
1019 2118 1117 2206 Apud
1136 2119 1274 2184 Plinium
1297 2117 1385 2184 houd

287 2235 375 2301 dubie
399 2236 634 2302 restituendum
656 2242 714 2302 eet.
737 2238 765 2321 §-
779 2240 842 2306 116
862 2237 960 2301 Ianua
983 2242 1072 2301 recte
1092 2237 1240 2303 lacunam
1262 2235 1385 2301 detexit
1412 2255 1415 2262 ’

286 2373 413 2440 eamque
433 2352 642 2440 probabiliter
664 2325 814 2441 explevit.
837 2353 864 2439 ξ.
887 2353 950 2422 120
970 2352 1056 2419 idem
1079 2359 1111 2418 et
1133 2351 1275 2441 Silligiue
1293 2373 1383 2440 egre-

205 2498 206 2507 *
285 2471 364 2555 ςίιιιιι
384 2471 641 2537 emendationem
664 2473 892 2559 neglexerunt,
926 2492 990 2558 qua
1011 2469 1049 2538 Ο.
1071 2469 1203 2536 Iahniur
1225 2470 1258 2536 in
1281 2470 1379 2557 ephe·

204 2643 206 2689 s
286 2587 451 2672 meridibue
483 2587 621 2654 instituti
647 2589 897 2676 arehaeelogiei,
921 2587 1049 2670 (bullat.
1073 2587 1146 2653 dell'
1175 2589 1274 2654 instit.
1297 2589 1382 2656 arch.

204 2730 205 2780 1
289 2705 362 2774 1840
380 2729 411 2794 p.
433 2701 493 2793 12)
520 2709 655 2772 Tiburtes
677 2713 777 2773 tullios
797 2729 816 2773 e
837 2707 984 2773 codicum
1009 2705 1148 2772 lectione
1171 2709 1234 2774 Tib.
1262 2709 1384 2796 dilutior

289 2824 333 2888 uel
356 2828 470 2891 Tullius
490 2824 639 2893 restituit.
682 2823 805 2893 Ibidem
829 2824 943 2912 Silligii
970 2809 1186 2891 coniecturam
1202 2847 1261 2907 per
1283 2834 1383 2892 omnia

204 2993 205 3042 3
287 2942 386 3026 probo,
408 2944 437 3029 ξ.
455 2942 517 3012 122
538 2940 644 3008 liberti
665 2964 784 3010 nomen
795 2947 953 3008 Hetercius
974 2940 1128 3019 inissent
1142 2964 1199 3030 pre
1221 2944 1298 3011 tace
1312 2950 1382 3011 Ete-

286 3065 386 3125 rcicrru
404 3059 581 3148 legendum
602 3081 675 3126 eree
696 3048 879 3126 Hetereiuna
900 3060 1088 3148 putaverim.

703 3200 967 3290 129=18,30.
1402 3198 1465 3267 322

204 3327 205 3330 ‘
328 3327 476 3409 Africae
503 3328 703 3430 peculiare,
729 3330 833 3429 quod
856 3330 895 3407 in
920 3329 1081 3409 oleastro
1107 3328 1246 3407 inserit.

204 3541 205 3544 Ἴ
358 3460 453 3537 Quod
473 3461 569 3547 vulgo
595 3462 765 3549 legebatur
785 3466 823 3527 A.
841 3484 872 3543 p.
895 3467 1013 3544 quidem
1034 3469 1066 3527 ιἰι
1087 3468 1217 3527 caustro
1239 3472 1284 3527 erl
1303 3468 1381 3529 iare·

204 3581 207 3666 3
284 3598 353 3662 rere,
379 3600 398 3644 e
420 3577 585 3647 mdiorum
608 3578 674 3647 sili
699 3579 891 3664 emendavit,
919 3580 966 3647 ita
987 3586 1095 3647 emen
1118 3586 1153 3645 ut
1178 3580 1311 3649 verbum
1339 3592 1383 3647 ert

204 3695 205 3756 ἱ
244 3784 251 3805 ο
286 3694 362 3781 qued
381 3696 415 3763 in
436 3695 530 3763 codd
551 3716 573 3763 ιι
592 3695 614 3761 d
640 3702 841 3765 antelucani
862 3697 1011 3767 scribitur
1034 3699 1207 3767 omitteret.
1239 3699 1285 3765 At
1304 3718 1380 3767 vero

284 3812 527 3884 condolendum
548 3819 600 3880 eet
620 3813 681 3881 sed
696 3816 743 3881 ita
757 3816 1046 3902 nansponendum:

320 3933 442 4011 Anteae
458 3936 618 4015 peculiare
637 3942 690 4015 ert,
712 3938 844 4014 quodie
867 3939 905 3999 ol.
929 3940 1042 3999 inacte.

698 4102 955 4191 152=21aa
1400 4044 1462 4191 ιιι

330 4275 373 4289 -
400 4233 576 4336 quamdiu
601 4232 691 4311 nodi
716 4233 844 4337 pervia
869 4239 971 4335 patet
997 4230 1129 4335 fistula.
1156 4232 1260 4309 ¹Cum
1287 4256 1378 4311 vere

328 4366 488 4447 concreti
514 4366 688 4443 ademere
714 4366 907 4444 transitum
932 4365 997 4444 rel.

222 4476 229 4495 ’
357 4496 446 4565 Idem
479 4498 659 4564 subiectum
686 4502 764 4563 nodi·
790 4498 832 4563 ad
863 4502 1033 4584 utrumque
1067 4498 1200 4565 verbum
1230 4495 1379 4583 pertinet,

289 4609 384 4701 iteque
402 4606 490 4703 prius
516 4616 550 4681 in
568 4626 678 4697 putent
706 4618 847 4682 mutetm
874 4620 1009 4703 oportet.
1033 4616 1144 4701 §.164
1167 4618 1297 4697 pedatae
1324 4620 1381 4679 erit

289 4732 450 4801 ramum
470 4755 491 4802 a
512 4734 659 4802 Smeekie
686 4735 719 4800 in
748 4752 787 4799 ee
815 4730 895 4800 libro
924 4754 988 4821 quo
1009 4733 1146 4799 Plinium
1173 4734 1207 4799 in
1234 4736 1376 4799 nonnam
