3700 5625
482 725 526 824 ou
568 761 570 766 -
865 705 878 775 '.
945 729 1032 792 arna
1058 731 1131 792 rr.

483 923 568 1007 vult,
591 921 633 987 de
655 943 717 1009 quo
738 921 869 1008 pluralia
891 942 953 1015 usu
975 923 1096 988 dubito.
1140 923 1299 1010 Equidem
1332 891 1571 1010 interpunctione

429 1089 432 1093 -
483 1040 590 1106 deleta
605 1040 682 1105 folia
695 1061 760 1148 una
771 1041 792 1104 i.
807 1061 835 1104 e.
849 1040 944 1104 simul
958 1039 1105 1123 rotunda,
1127 1062 1228 1127 parva
1241 1041 1325 1138 levia
1337 1040 1488 1125 appellari
1497 1046 1571 1124 puto.
1644 1087 1645 1124 ,

399 1193 461 1260 433
920 1181 969 1254 95
996 1213 1032 1246 =
1059 1181 1154 1268 9,36.

534 1305 674 1382 Virium
699 1269 886 1384 brassicae
929 1333 1039 1386 unum
1066 1317 1102 1386 et
1128 1282 1301 1408 magnum
1334 1312 1572 1407 argumentum

531 1439 713 1517 addemus
739 1462 784 1516 ac
810 1439 987 1519 mirabIle.

566 1570 666 1635 Oodd.
690 1570 749 1634 Τὰ
775 1575 969 1658 ammirabile,
993 1578 1217 1652 aodmr'rottle,
1239 1571 1325 1658 quod
1347 1571 1387 1636 ab
1410 1541 1486 1636 lano
1507 1571 1573 1634 reci·
1644 1587 1645 1590 ’

482 1689 567 1774 pitur
588 1688 744 1774 asyndeto
767 1710 831 1754 non
853 1673 1002 1782 ferendo;
1026 1691 1189 1778 vulgatam
1212 1691 1399 1772 scripturam
1419 1687 1572 1752 etacodd.

482 1803 574 1871 MSS.
597 1806 734 1870 alienam
757 1814 788 1871 et
810 1815 939 1894 propter
960 1809 1129 1874 verborum
1149 1808 1389 1873 collocationem
1407 1806 1573 1891 relinquen·

482 1924 556 1988 dam
585 1942 657 1988 ease
686 1933 830 2010 apparet.
873 1925 1001 1991 Scilicet
1026 1948 1090 1993 roc.
1125 1930 1302 1991 admirabile
1323 1925 1401 1989 nihil
1429 1923 1512 1988 aliud
1533 1934 1573 1985 est

480 2062 578 2127 quam
599 2043 686 2107 vocis
709 2064 849 2122 maurum
870 2044 1108 2130 interpretatio,
1139 2064 1159 2108 a
1192 2038 1304 2109 sedulo
1334 2042 1439 2108 scriba
1467 2041 1572 2106 addita.

482 2159 647 2224 Lacunam
670 2161 699 2246 ξ.
723 2163 764 2231 et
784 2163 882 2228 lanua
905 2163 987 2228 bene
1010 2161 1160 2246 expleuit.

399 2328 462 2394 aar
916 2319 965 2394 uo
990 2343 1024 2374 =
1051 2319 1146 2406 aas.
1188 2309 1192 2320 “

531 2444 613 2525 Hoc
656 2447 696 2522 tit
732 2452 818 2524 ante
852 2446 1049 2525 solstitium
1089 2446 1220 2523 diebus
1247 2443 1398 2522 XLVlil
1415 2474 1431 2540 ;1
1461 2466 1572 2547 gypso
1644 2481 1645 2516 ι

530 2578 667 2655 deinde
694 2579 830 2657 oblitus
874 2581 990 2658 cadus
1016 2580 1164 2682 ponitur
1203 2582 1271 2658 snb
1297 2575 1436 2680 tegulis
1474 2580 1573 2654 totius
1644 2597 1645 2656 3

530 2713 604 2789 diei
644 2711 763 2790 solem
801 2713 1088 2814 accipientibus;
1138 2723 1224 2815 post
1265 2737 1352 2789 eum
1395 2731 1573 2788 numerum
1644 2749 1645 2754 Ν

475 2844 480 2853 ’
533 2848 674 2924 diemrn
701 2846 840 2925 tollitur
865 2871 932 2924 vas
960 2856 1030 2925 etc.

559 2976 665 3044 Etiam
694 2980 840 3045 omnibus
875 2979 1038 3046 codicibus
1072 2979 1308 3066 refragantibus
1337 2977 1482 3043 ordinem
1514 2996 1573 3041 ver·

481 3090 595 3162 borum
616 3118 668 3162 rea
695 3098 766 3182 ipsa
787 3099 949 3183 flagitaret
975 3100 1022 3163 ite
1042 3098 1274 3163 restituendum
1298 3118 1387 3179 esse,
1409 3105 1445 3161 ut
1466 3096 1573 3159 dierum
1644 3076 1645 3112 l

444 3219 445 3226 ’
481 3236 631 3280 numerus
654 3191 763 3301 quiin
785 3216 849 3280 fine
872 3237 985 3281 sensus
1009 3223 1283 3297 commemoratur,
1307 3236 1379 3279 cum
1401 3216 1489 3279 initio
1510 3233 1573 3276 con·

481 3332 675 3420 iungeretur.
698 3333 791 3398 Nunc
812 3308 918 3420 ipsum
941 3334 1011 3399 eod.
1032 3338 1066 3418 β
1089 3342 1216 3399 secutus
1239 3334 1328 3417 lego:

521 3471 617 3534 pppro
639 3489 680 3498 —
702 3430 938 3533 accipientibus}
961 3458 1019 3519 too
1038 3460 1073 3532 stt
1096 3491 1132 3500 -
1155 3432 1227 3519 m

297 3608 302 3618 “
399 3619 461 3689 435
910 3595 980 3669 103
1007 3614 1040 3644 '³³
1071 3594 1166 3683 9,’40.

301 3734 311 3743 ·
531 3718 763 3822 Lentiginem
790 3745 874 3799 cum
902 3723 987 3802 v'ino
1013 3730 1076 3801 aut
1102 3744 1184 3800 cum
1211 3722 1355 3800 cueumi
1383 3729 1488 3800 cocto
1522 3716 1572 3813 ut-
1644 3784 1645 3811 ,

531 3853 584 3931 liti
608 3857 806 3932 emendant
833 3854 969 3953 bulbi).
1299 3847 1303 3861 '

563 3987 676 4074 Neque
698 4010 771 4054 cum
798 3988 923 4069 cucumi
964 4007 1069 4075 neque
1104 3976 1178 4053 curn
1208 3989 1353 4071 cumino,
1399 3987 1484 4075 quod
1505 3986 1571 4051 Iano

482 4106 618 4190 placuit,
637 4106 827 4192 ,quidquam
857 4106 1008 4188 illinitur,
1047 4106 1108 4169 nisi
1145 4107 1267 4193 liquore
1296 4108 1403 4193 aliquo
1433 4104 1571 4173 adhibito.
1644 4106 1645 4111 ’

453 4299 455 4304 Ι
483 4222 580 4286 Cuius
601 4243 717 4288 nomen
739 4246 757 4288 e
780 4224 926 4289 codicum
954 4224 1039 4289 vitiis
1060 4244 1125 4288 cum
1146 4232 1263 4290 aurumi
1284 4237 1370 4291 cocto
1396 4230 1440 4307 Θ,
1469 4224 1573 4290 aaroni

482 4349 568 4406 cocto
590 4360 625 4422 a,
648 4361 716 4407 cum
735 4349 867 4426 cumino,
892 4349 1012 4409 camino
1033 4354 1119 4409 cocto
1140 4342 1163 4407 d
1185 4349 1252 4407 tum
1274 4342 1409 4425 emitur,
1438 4364 1506 4407 oum
1527 4339 1570 4402 de·
1644 4370 1645 4425 p

371 4474 374 4481 ·
482 4458 554 4523 latia
583 4477 666 4543 quae
701 4460 749 4525 bio
778 4461 960 4528 scribuntur
986 4461 1100 4527 litteris
1129 4481 1185 4551 ees
1225 4480 1307 4545 quae
1340 4462 1374 4527 in
1402 4454 1570 4525 melioribus

482 4583 666 4661 corruptae,
700 4580 734 4645 in
755 4579 966 4645 deterioribus
988 4579 1200 4665 interpolatae
1230 4584 1305 4653 sunt
1326 4586 1490 4645 cumtcooto
1510 4593 1570 4639 con-

484 4697 674 4763 nideraverio
700 4706 733 4764 et
761 4718 832 4763 cum
860 4698 1058 4764 Dioscuridis
1079 4698 1150 4763 loeo
1178 4696 1220 4763 Η.
1249 4698 1313 4765 2th
1341 4696 1570 4785 comparaveris.
1644 4698 1645 4759 t
