3700 5625
519 559 581 626 lau
970 558 1069 626 Liber
1092 562 1168 626 XV.

518 746 547 832 §.
567 744 637 810 105.
658 746 829 831 vulgatam
848 746 1050 830 scripturam
1071 744 1128 833 fiet
1149 749 1354 814 retinendam
1376 767 1456 814 esse
1480 749 1614 832 proxima

518 888 604 931 voce
626 868 757 932 interim
779 868 955 936 iudicatur.

438 1066 499 1130 ‘252
935 1035 1211 1130 116=28,34.

568 1188 774 1264 detrahitur
791 1189 884 1263 haec
901 1190 1038 1290 (cutia)
1059 1189 1141 1263 ficis
1159 1187 1361 1265 virentibus
1384 1197 1618 1292 utputaureu,

567 1324 742 1399 eisdem
770 1349 882 1423 quae
906 1324 944 1399 iu
969 1323 1078 1399 siccis
1102 1323 1260 1398 maxime
1283 1324 1418 1421 placet.

601 1473 711 1561 Vulgo
732 1474 907 1561 legebatur
930 1472 1052 1538 eadem.
1097 1474 1195 1548 Quod
1216 1495 1298 1538 vero
1319 1471 1472 1557 Silligius
1495 1495 1514 1538 a
1536 1473 1617 1536 codd.

517 1595 566 1658 ad
590 1595 690 1671 dedit,
714 1606 899 1659 contortam
913 1593 1022 1658 reddit
1036 1605 1248 1672 structuram,
1266 1592 1459 1659 facillimam
1477 1592 1618 1669 futuram,

517 1714 572 1779 ubi
594 1734 669 1778 cum
690 1712 764 1778 cod.
785 1725 812 1778 Θ
833 1713 1014 1796 scripseris
1036 1712 1271 1806 eisdemque.

436 1892 499 1957 aaa
940 1880 1212 1974 124=2o,37.

567 2033 705 2133 Virgae
718 2058 866 2132 quoque
889 2032 970 2108 eius
992 2043 1158 2132 gestatae
1180 2032 1309 2108 modo
1327 2030 1463 2109 viatori
1476 2041 1619 2131 prosunt

565 2170 603 2244 in
629 2173 739 2269 longo
762 2168 896 2245 itinera
922 2169 1051 2269 pediti.

598 2318 807 2385 Vocabulum
831 2343 934 2384 manu
955 2320 1043 2405 quod
1066 2319 1166 2406 vulgo
1188 2319 1309 2407 legitur
1336 2319 1425 2384 haud
1457 2317 1555 2383 dubie
1576 2325 1618 2379 est

515 2437 761 2523 interpolatum,
784 2437 879 2501 modo
900 2438 990 2522 quod
1013 2457 1055 2502 ax
1076 2439 1227 2503 omnibus
1249 2438 1341 2504 libris
1363 2438 1454 2506 Mss.
1482 2433 1617 2514 Silligius

464 2549 468 2555 ’
514 2560 667 2636 restituit,
690 2560 776 2623 ouini
799 2579 902 2622 sensu
926 2577 1075 2622 vacuum.
1128 2557 1215 2630 Quid
1236 2557 1310 2640 ipse
1333 2555 1460 2622 Plinius
1484 2553 1617 2636 scripse·

514 2678 569 2755 rit,
589 2679 732 2742 nondum
745 2679 893 2743 invenire
906 2679 1009 2762 potui.
1041 2677 1204 2743 Fortasse
1227 2677 1472 2742 substantivum
1496 2672 1616 2759 aliquod

514 2795 604 2865 velut
620 2794 729 2860 loculi
748 2796 881 2882 excidit,
902 2818 968 2883 quo
982 2797 1098 2883 virgae
1121 2795 1153 2859 iu
1176 2796 1307 2861 modurn
1323 2795 1486 2881 scipionis
1501 2791 1616 2861 viatorii

514 2919 641 3001 gestari
663 2918 822 2981 dicantur.

433 3096 496 3160 254
927 3071 1000 3165 136
1013 3107 1051 3137 =
1067 3071 1127 3166 30,
1142 3071 1203 3146 till.

567 3273 614 3282 -
648 3224 907 3324 intrepideque
934 3222 1079 3298 miranti
1113 3223 1294 3324 (Liviae)
1327 3224 1488 3299 accessit
1520 3220 1614 3296 mira-

566 3365 708 3455 culum,
735 3360 905 3461 quouiam
935 3370 1120 3435 tenentem
1148 3372 1270 3435 rostro
1294 3361 1460 3435 laureum
1485 3381 1613 3436 ramum
1653 3370 1654 3376 ’

564 3519 734 3576 onustum
763 3498 842 3575 suis
864 3497 984 3589 bacis3
1011 3496 1223 3573 conservari
1248 3496 1370 3572 alitem
1398 3508 1435 3572 et
1459 3495 1612 3572 subolem

560 3637 706 3711 iussere
727 3635 945 3734 haruspices
972 3642 1033 3707 rel.

594 3786 707 3873 Vulgo
732 3794 866 3868 teneret,
886 3768 974 3870 quod
999 3786 1060 3849 nisi
1078 3798 1195 3849 contra
1212 3788 1444 3851 auctoritatem
1465 3785 1611 3853 librorum

511 3908 710 3991 optimorum
742 3906 886 3968 retinere
920 3903 1020 3978 velia,
1058 3903 1233 3969 delendum
1267 3916 1319 3969 est
1347 3900 1610 3989 interpunctionis
1651 3924 1652 3931 ¹

510 4025 652 4107 signum,
678 4036 713 4088 ut
735 4025 778 4088 ita
802 4025 1045 4105 coniungantur
1064 4022 1183 4086 verba:
1214 4025 1396 4108 „quoniam
1422 4023 1611 4109 haruspices

510 4142 639 4205 iussere
659 4141 767 4206 alitem
787 4138 915 4203 laurum
939 4150 1104 4203 tenentem
1132 4150 1165 4203 et
1187 4140 1336 4205 subolem
1365 4142 1407 4227 (i.
1423 4164 1452 4210 e.
1475 4164 1546 4208 cum
1566 4157 1610 4201 su·

510 4256 602 4343 bole)
625 4258 853 4324 conseruari“.
