3700 5625
743 736 832 801 uter
852 735 1024 801 mrsu.
1370 728 1434 799 w

324 932 368 999 ad
389 955 419 998 v.
441 932 513 1015 ,sut
535 930 773 1001 mammas.
796 930 936 998 Facilior
963 936 1122 995 tumeret
1142 934 1273 1015 propter
1289 924 1433 1008 eiusdem

277 1026 291 1043 ⁴
323 1051 571 1137 pcsepcsitiouis
592 1050 655 1134 ,66ί
677 1049 829 1117 riaiuism
838 1049 974 1117 similior
994 1049 1063 1113 veri
1083 1068 1124 1115 aa
1140 1048 1325 1113 coniectans
1344 1045 1432 1111 vids·

324 1174 378 1235 tut
398 1188 481 1251 esse,
500 1179 567 1254 qus
587 1174 775 1233 admittentes
807 1168 842 1232 iu
864 1173 1092 1233 transmittentes
1113 1165 1338 1251 corrigendum
1358 1185 1433 1251 prc-

325 1306 422 1371 pono.
464 1284 504 1351 In
523 1287 672 1372 proxima
692 1285 836 1352 sectione
857 1285 955 1352 [auus
976 1284 1060 1351 bens
1080 1284 1243 1369 vulgatam
1264 1283 1433 1349 lectionem

324 1403 474 1471 restituit.

492 1562 539 1635 66
564 1586 600 1617 =
623 1552 773 1635 ibidem.
790 1557 860 1650 (de
876 1554 1020 1656 Cypriis
1043 1552 1287 1655 smaragdis).
1452 1572 1516 1640 840

377 1698 430 1745 -’
447 1690 516 1768 dos
531 1713 658 1774 eorum
686 1698 744 1768 est
769 1691 806 1766 in
827 1686 954 1769 colore
980 1687 1121 1791 liquido
1150 1734 1196 1746 -
1223 1686 1432 1799 pariterque

374 1807 413 1902 ut
440 1820 667 1901 transluceat
694 1830 731 1901 et
757 1822 871 1900 niteat
905 1822 991 1922 [hou
1017 1831 1075 1901 est
1099 1830 1140 1900 ut
1176 1818 1340 1901 colorem
1367 1846 1432 1899 en-

372 1955 497 2061 pellat,
525 1958 644 2038 aciem
669 1955 850 2059 recipiatp

404 2090 519 2175 Neque
539 2091 619 2157 satis
639 2089 754 2171 Latine
775 2089 902 2155 locutus
925 2095 975 2155 est
1009 2088 1202 2175 quicumque
1221 2089 1322 2175 acrba
1341 2088 1431 2153 unci·

322 2212 374 2274 uis
397 2208 521 2273 inclusa
543 2208 724 2293 adscripsit,
744 2228 820 2274 nam
842 2206 897 2293 qui
920 2206 1090 2291 expellitur
1111 2206 1207 2288 culon
1242 2228 1307 2271 non
1328 2226 1431 2273 rema·

320 2333 394 2408 net,
427 2344 532 2411 neque
553 2325 726 2413 quidquam
748 2325 886 2389 orationi
906 2324 1001 2389 Plinii
1023 2323 1147 2389 addidit
1168 2323 1252 2409 quud
1274 2289 1339 2389 ison
1360 2343 1430 2388 ver·
1456 2413 1459 2424 .

321 2444 372 2509 bis
394 2444 561 2529 eleganter
581 2445 665 2509 inter
686 2463 722 2508 se
743 2441 899 2529 oppositis
921 2441 1111 2507 declaretur.

352 2673 356 2681 .
651 2617 653 2621 ’
765 2600 1000 2687 ffl=mffi
1071 2696 1075 2701 Δ
1367 2694 1371 2701 .
1452 2606 1514 2676 Μ

371 2728 449 2808 Sed
476 2735 513 2807 et
536 2727 626 2805 vitia
659 2728 903 2807 demonstrari
929 2727 1105 2805 convenit
1139 2726 1176 2801 in
1203 2732 1276 2805 tam
1302 2728 1430 2828 prodi-

371 2866 431 2965 gis
457 2859 593 2964 pretiis'.

404 2996 489 3086 Huic
511 2997 537 3060 B
560 2993 680 3058 codicis
702 2994 879 3079 scripturae
908 2993 1104 3060 adiectivum
1126 2999 1292 3081 acceptum
1314 2993 1430 3077 refers,

319 3114 523 3202 interpolatis
542 3110 708 3179 codicibus
729 3110 784 3176 ubi
805 3113 849 3196 ,iu
871 3117 962 3198 tanto
974 3111 1131 3197 prodigio‘
1155 3112 1308 3198 scriptum
1324 3117 1431 3180 exstat

321 3232 487 3314 vocalem,
522 3230 636 3316 quibus
659 3230 837 3296 conmutatis
861 3259 901 3274 ·-
923 3228 1028 3294 ethis
1050 3230 1178 3316 quidem
1201 3229 1298 3294 etiam
1320 3248 1430 3296 carere

321 3357 508 3438 poteramus
534 3391 566 3400 -
592 3346 796 3414 scribendum
824 3367 897 3413 esse
929 3350 1115 3432 pronuntio:
1159 3354 1190 3409 ta
1218 3359 1279 3412 tam
1303 3353 1430 3428 predi»

320 3472 583 3551 ptosisprettts.
685 3514 688 3521 «

401 3683 404 3690 ¹
732 3587 783 3662 68
806 3604 846 3640 --
871 3583 1022 3660 ibidem.
1115 3594 1118 3600 ’
1452 3589 1514 3660 842

369 3758 420 3776 -ω
446 3725 509 3795 aut
543 3718 642 3794 intus
668 3715 830 3795 occurrit
860 3722 924 3792 aut
951 3717 1089 3818 excipit
1125 3719 1162 3793 in
1200 3717 1272 3794 fine
1310 3717 1431 3793 visum

371 3851 514 3930 candor
548 3851 609 3927 hie
637 3849 786 3929 coloris.
840 3847 935 3924 Sunt
959 3849 1046 3926 item
1080 3852 1168 3927 vitia
1194 3849 1431 3952 capillamen-

370 3990 449 4062 tum
476 3982 543 4061 rel.

406 4117 497 4182 Bene
518 4115 616 4181 Ianus
638 4117 671 4180 in
693 4100 774 4183 edit.
790 4104 895 4205 priore
918 4123 951 4182 et
971 4116 1199 4206 praecedentia
1220 4115 1375 4200 restituit,
1397 4118 1431 4182 in

323 4233 439 4322 quibus
461 4253 557 4321 quam
569 4255 587 4298 e
602 4236 786 4302 coniectura
798 4234 932 4300 inseruit
946 4255 1058 4302 vocem
1071 4233 1222 4320 ,quidam‘
1236 4242 1312 4300 ante
1330 4235 1431 4318 ,varii‘

324 4375 397 4420 eam
418 4353 697 4439 iuBambergensi
708 4352 848 4439 reperire
858 4361 995 4438 poterat,
1017 4353 1206 4419 ethocloco
1230 4351 1290 4416 aB
1312 4347 1431 4419 disces-

325 4474 376 4536 sit.
399 4471 524 4535 Vellem
540 4471 667 4556 longius
683 4491 873 4557 progressus
895 4479 993 4537 esset.
1014 4468 1097 4536 Nam
1119 4471 1203 4556 quod
1225 4472 1258 4534 in
1279 4471 1307 4536 B
1330 4472 1431 4556 deest,

324 4587 375 4654 his
394 4589 429 4652 in
450 4587 556 4653 verbis
583 4606 648 4654 nun
668 4591 773 4676 magis
798 4607 896 4674 quam
923 4589 1114 4674 saepissime
1141 4609 1255 4654 manco
1284 4597 1316 4655 et
1344 4592 1431 4657 lacu-

323 4723 419 4789 nosa,
442 4706 477 4770 ia
498 4707 614 4772 cetera
634 4707 724 4770 libris
744 4706 832 4772 sarie
854 4714 1039 4792 corruptum
1060 4707 1230 4789 invenitur,
1251 4709 1284 4771 in
1305 4709 1333 4772 P
1350 4708 1427 4796 legi-
