3700 5625
423 567 425 574 ι
473 527 535 596 136
921 531 1022 600 Mer
1043 531 1134 600 711.

473 727 541 784 tum
564 715 626 783 sed
645 713 811 782 dimidium
833 715 907 784 iere
930 719 996 784 diei
1018 717 1198 804 significari
1220 728 1313 784 reete
1327 715 1517 782 Mtttcms
1537 713 1602 782 ani-

473 837 660 916 madvertit,
680 858 746 922 quo
761 837 813 928 sol
826 849 902 922 post
917 839 1087 904 meridiem
1104 839 1147 902 ad
1163 839 1322 902 occasum
1334 846 1486 921 vergat,
1509 855 1604 919 qaum

475 958 603 1023 Plinius
625 966 751 1022 certam
774 957 917 1044 aliquam
941 961 1024 1024 solis
1046 960 1245 1044 positionem
1265 957 1436 1022 limitibus
1462 955 1605 1020 definias

474 1077 642 1143 indicasse
665 1076 831 1160 putandus
853 1075 906 1142 ait.
949 1077 1155 1142 Necessario
1174 1077 1275 1162 igitur
1296 1077 1413 1142 verba
1436 1073 1515 1154 „ad
1537 1093 1606 1138 car·

476 1215 589 1262 cerem
609 1193 767 1258 inclinato
788 1181 930 1258 sidere“
957 1186 1188 1278 coniungenda
1217 1190 1303 1259 sunt.
1352 1193 1485 1257 Minus
1508 1191 1605 1255 etiam

457 1310 668 1378 .verisimilis
694 1319 755 1374 est·
775 1292 907 1374 mulien
936 1311 1121 1394 sententia,
1150 1311 1193 1374 de
1218 1330 1285 1396 qua
1314 1310 1398 1395 ipse
1428 1304 1605 1374 dubitarit.

476 1431 595 1516 Neque
614 1429 700 1493 enim
722 1425 777 1491 vel
795 1429 925 1494 aestivo
946 1426 1089 1495 solstitio
1110 1426 1163 1494 eol
1177 1448 1265 1513 pane
1278 1428 1496 1513 Capitolium
1517 1427 1606 1495 occi·

479 1549 563 1614 deus
575 1567 595 1612 a
608 1547 683 1612 foro
703 1545 853 1628 conspici
868 1546 973 1629 potuit
989 1565 1099 1631 neque
1114 1546 1157 1610 de
1173 1548 1311 1613 aestivis
1329 1547 1605 1612 tantumdiebus

477 1666 610 1732 locutus
626 1675 678 1729 est
696 1663 832 1738 Plinius,
853 1662 913 1727 sed
937 1662 1131 1728 deserentis
1151 1663 1306 1731 omnibns
1327 1685 1398 1748 per
1412 1675 1528 1728 totum
1547 1682 1605 1728 an·

477 1807 565 1855 num.
607 1785 719 1871 Atque
741 1783 899 1848 Osannua
922 1793 957 1848 et
980 1781 1154 1849 Beckerus
1173 1802 1336 1849 summam
1359 1803 1459 1868 quae
1481 1794 1553 1846 tum
1572 1781 1604 1844 in

478 1914 550 1972 tota
566 1904 759 1970 narratione
773 1914 879 1968 restat
899 1901 1127 1970 difficultatem
1148 1903 1282 1970 solvere
1294 1925 1361 1969 non
1376 1905 1504 1969 conati
1514 1913 1601 1979 cunt,

478 2023 720 2090 Mommsenius
749 2027 784 2089 in
805 2021 915 2088 libello
941 2044 1040 2109 quem
1062 2025 1105 2088 de
1126 2020 1603 2105 comitioliomanoecripsit

479 2142 617 2229 (Annal.
636 2143 735 2209 instit.
758 2143 934 2214 archaeol.
947 2143 1014 2215 vol.
1027 2144 1143 2230 XVl.)‚
1162 2165 1206 2209 ne
1228 2144 1515 2210 commemoravit
1535 2143 1600 2228 qni·

480 2260 564 2325 dem.
592 2258 665 2344 Ego
678 2246 834 2326 autemid
847 2261 979 2346 quidem
999 2273 1096 2326 recte
1119 2262 1290 2346 perspexi,
1312 2277 1518 2349 supremam
1536 2272 1600 2325 tum

479 2375 727 2462 pronuntiatam
748 2374 873 2455 fuisse,
896 2398 996 2463 quum
1019 2378 1129 2463 eiqui
1149 2379 1181 2442 in
1206 2381 1367 2463 gradibus
1390 2382 1517 2446 curiae
1534 2389 1600 2442 ste·

480 2507 543 2580 ret,
565 2495 618 2561 sol
640 2497 727 2560 inter
748 2494 934 2562 columnam
958 2497 1132 2562 Maeniam·
1149 2511 1185 2562 et
1204 2499 1360 2584 angulum
1384 2497 1549 2585 Capitolii
1569 2495 1598 2558 in

481 2614 691 2678 occidentem
717 2613 812 2697 vergi
838 2614 1026 2692 videretur,
1057 2624 1091 2679 et
1112 2611 1299 2680 columnam
1327 2617 1361 2680 ia
1392 2617 1510 2682 nitere
1539 2613 1599 2678 fori

480 2742 578 2821 parte
601 2750 690 2818 quae
712 2750 896 2796 acarcere
924 2730 1123 2795 Mamertino
1151 2745 1279 2798 remota
1307 2755 1328 2798 a
1351 2737 1532 2802 veteribus
1551 2743 1597 2795 ta·

480 2851 595 2917 bernis
617 2848 868 2935 appellabatur,
900 2849 997 2914 sitam
1019 2847 1128 2915 fuisse
1153 2852 1333 2919 arbitratos
1353 2874 1442 2925 eum.
1493 2855 1595 2929 Quam

481 2970 681 3037 sententiam
695 2969 772 3035 dum
787 2990 861 3033 cum
876 2968 970 3037 Plinii
989 2971 1102 3035 verbis
1124 2970 1303 3036 conciliare
1316 2974 1453 3052 studeo,
1476 2974 1512 3038 in
1526 2989 1596 3036 eum

482 3110 632 3156 errorem
657 3109 710 3153 me
731 3086 842 3152 delabi
865 3107 990 3172 passus
1012 3109 1103 3172 eum,
1132 3099 1169 3151 ut
1198 3088 1241 3153 de
1262 3087 1327 3153 ulio
1351 3092 1499 3177 quodam
1522 3108 1596 3153 aar·

482 3228 561 3273 cere
583 3207 659 3272 aedi
681 3205 722 3271 D.
744 3204 874 3270 Nicolai
895 3206 1006 3272 vicino
1026 3206 1224 3289 cogitarem.
1266 3186 1388 3274 Merito
1411 3219 1596 3293 propterea

481 3325 656 3391 Beckerus
682 3345 724 3388 eo
753 3322 865 3388 libello
893 3343 960 3408 quo
984 3322 1063 3387 mihi
1089 3323 1284 3407 respondite
1311 3325 1381 3389 Zur
1400 3322 1595 3390 rumischcn

482 3442 718 3527 Topographie
735 3463 768 3525 p.
779 3440 831 3503 tu.
853 3460 907 3504 me
917 3441 1118 3525 vituperavit
1126 3440 1305 3528 ¹locumque
1320 3443 1414 3509 Plinii
1435 3446 1503 3511 sibi
1523 3461 1593 3506 cor·
1622 3505 1629 3523 ‚

482 3572 615 3646 ruptum
638 3558 744 3623 videri
767 3559 1001 3642 pronuntiavit
1026 3559 1146 3625 Recte.
1173 3561 1311 3627 Scilicet
1330 3585 1431 3648 quum
1454 3588 1496 3633 re
1516 3578 1593 3628 vera

482 3682 569 3747 inter
592 3675 778 3743 columnam
798 3685 832 3739 ct
853 3672 1051 3760 Capitolium
1070 3678 1188 3763 iiaqui
1209 3680 1243 3744 in
1267 3679 1343 3747 soro
1366 3684 1591 3759 constiterant,

483 3797 536 3865 sn
559 3796 716 3863 occinere
735 3795 925 3874 videretur,
948 3796 1058 3881 ipsum
1080 3796 1278 3883 captorum
1299 3820 1320 3865 a
1343 3802 1448 3870 artato
1467 3776 1591 3891 ‘supru-

484 3920 555 3986 cari
575 3925 837 3985 consentaneum
859 3927 920 3980 est
950 3918 1063 4005 Atque
1084 3919 1118 3983 id
1141 3918 1270 4004 perlevi
1291 3942 1390 4008 quam
1405 3924 1506 3989 modo
1520 3937 1591 4006 pro·

484 4039 583 4122 posui
611 4036 792 4102 mutatione
814 4032 970 4102 efficitur.
1023 4038 1137 4124 Saepe
1157 4040 1244 4105 enim
1264 4043 1463 4126 praesertim
1483 4044 1517 4108 in
1536 4057 1591 4105 vo·

486 4152 683 4221 cabalorum
713 4154 811 4221 initiis
845 4152 977 4220 litterae
1010 4172 1032 4223 c
1065 4168 1100 4221 et
1118 4172 1153 4223 'a
1182 4137 1301 4244 utpote
1334 4158 1519 4235 simillimae
1549 4156 1592 4219 itu

485 4277 727 4355 permutantur,
748 4280 785 4334 ut
808 4271 899 4353 prior
922 4279 980 4335 aut
999 4270 1168 4338 omittatur
1186 4271 1247 4339 aut
1267 4273 1354 4341 salac
1370 4276 1525 4342 addam.
1546 4271 1591 4337 ltu

485 4388 571 4455 vul.
584 4386 654 4453 129.
675 4408 739 4470 pro
760 4410 856 4452 orum
874 4389 974 4456 codd.
996 4388 1048 4455 'l'd
1071 4388 1228 4472 emmo,
1256 4392 1311 4458 alii
1337 4412 1453 4459 eurtum
1471 4394 1590 4481 lugunt

487 4508 531 4578 ib.
546 4504 622 4571 209.
643 4524 707 4591 pto
729 4503 827 4571 crido
854 4506 888 4573 in
915 4505 1069 4575 omnibus
1099 4506 1263 4596 exemplu
1288 4522 1369 4578 ante
1393 4510 1591 4579 lietduinum
