3700 5625
497 750 539 818 14
946 753 1038 818 tiber
1058 753 1149 820 XVI.

436 909 440 914 .
492 969 565 1014 ηαα
581 946 606 1014 ‘a
624 967 654 1017 e.
676 951 744 1014 XV
759 951 929 1016 cubitorum
951 945 1154 1014 scribendum
1177 952 1227 1014 est
1248 949 1283 1014 Χ
1301 946 1470 1031 tatttcrsna
1486 953 1505 1030 λ
1520 948 1574 1015 tal

497 1071 659 1131 aecem
679 1066 713 1132 in
734 1064 945 1135 indicativum
966 1065 1164 1132 mutandum.

414 1228 478 1298 274
592 1275 596 1280 ⁴
918 1225 989 1300 135
1003 1256 1049 1288 =
1062 1223 1182 1312 3259.

546 1369 700 1450 Fastidit
726 1342 932 1454 balsamum
958 1373 1045 1452 alibi
1070 1371 1175 1450 nasci
1202 1429 1321 1464 ......
1347 1371 1499 1474 Assyria
1520 1392 1580 1448 ma·

544 1501 604 1586 lus
620 1550 627 1563 ι
641 1503 729 1584 albi
762 1505 878 1597 ferre,
917 1527 990 1586 nec
1027 1528 1102 1590 uon
1129 1511 1167 1590 ct
1191 1504 1314 1607 palma
1337 1505 1474 1604 ubique
1497 1500 1582 1582 nasci
1640 1531 1641 1584 l

546 1644 611 1714 aut
636 1643 723 1714 nata
749 1661 892 1739 parere.

586 1789 636 1854 Ita
658 1788 725 1854 Sill.
755 1809 774 1854 e
802 1788 894 1856 codd.
923 1788 1067 1872 Galerii,
1095 1789 1242 1855 lacunam
1273 1787 1383 1854 addito
1410 1805 1502 1854 versu
1526 1784 1584 1868 ,sisi

497 1904 531 1970 in
552 1906 692 1990 Iudaea,
720 1912 793 1996 tpra
820 1905 883 1970 nisi
909 1907 943 1970 in
964 1905 1096 1971 Arabia‘
1119 1907 1236 1992 explet.
1278 1905 1481 1971 Hardulnum
1511 1922 1585 1968 secu·

497 2029 550 2090 tus
571 2026 669 2091 Ianus
691 2024 806 2108 masei,
835 2029 912 2089 nata
933 2025 1077 2111 Assyria‘
1100 2025 1241 2109 scripsit,
1264 2023 1355 2092 falso.
1396 2023 1478 2090 Nam
1499 2040 1586 2106 neque

458 2133 461 2138 ’
497 2143 665 2228 participio
696 2141 840 2208 eiusdem
867 2142 958 2207 verbi
984 2142 1074 2207 locus
1104 2149 1156 2206 est
1182 2142 1244 2206 nisi
1266 2163 1338 2206 cum
1360 2142 1403 2206 sd
1424 2141 1506 2206 idem
1524 2139 1586 2203 sub·

409 2249 414 2254 ⁵
497 2261 617 2325 lectum
645 2262 802 2346 pertinet,
845 2264 882 2324 ut
908 2260 942 2324 in
962 2260 1116 2346 proximis
1139 2260 1261 2344 serbis,
1295 2277 1403 2346 neque
1432 2259 1587 2343 ,alibl‘per

498 2378 701 2462 sepositum
733 2378 931 2464 intelligitur.
974 2377 1044 2464 Ego
1076 2399 1151 2443 nero
1171 2395 1239 2441 non
1260 2397 1391 2463 possum
1411 2395 1477 2442 nan
1496 2372 1588 2440 nrirari
1640 2397 1641 2402 ¹

499 2494 653 2560 librorum
680 2496 859 2561 accuratius
887 2495 1092 2579 collatomm,
1121 2497 1176 2582 qui
1204 2495 1388 2560 facillimam
1411 2493 1588 2560 emendatio·

497 2631 572 2676 nsm
593 2632 699 2699 paene
728 2613 903 2700 perlectam
926 2613 1093 2698 exhibent,
1124 2615 1348 2678 auctoritatem
1369 2634 1389 2677 a
1410 2635 1460 2679 vv.
1481 2611 1529 2676 dd.
1550 2617 1588 2674 te·

497 2749 587 2795 mere
608 2739 749 2818 spretam
772 2751 853 2798 esse.
884 2735 914 2799 Θ
936 2731 963 2797 Τ
983 2731 1004 2796 d
1027 2733 1111 2797 enim
1138 2734 1265 2829 legunt:
1294 2738 1381 2797 nacci
1412 2744 1519 2797 natura
1539 2735 1589 2813 Sy·

456 2889 459 2900 ι
498 2858 548 2916 ria
569 2858 680 2931 νααλαο,
715 2871 752 2916 a:
775 2858 867 2917 'nasci
897 2863 1010 2916 natura
1032 2858 1092 2917 nist
1112 2856 1143 2916 tn
1166 2859 1264 2935 Syria.
1301 2852 1374 2917 Hoc
1397 2853 1481 2917 enirn
1501 2853 1590 2936 ipsum

416 2989 419 2994 ⁴
500 2976 651 3035 constans
664 2969 761 3034 Plinii
783 2976 893 3034 auctor
908 2970 1154 3056 Theophrastus
1167 2970 1224 3035 IX.
1247 2971 1275 3039 6.
1299 2974 1327 3036 1.
1350 2970 1477 3035 disertis
1499 2968 1590 3035 verbis

500 3087 639 3154 tradidit.
669 3089 708 3155 τὸ
738 3088 776 3154 δὲ
802 3088 998 3174 βάλσαμον,
1026 3089 1142 3174 inquit,
1172 3094 1299 3171 γίνεται
1325 3090 1387 3173 μὲν
1418 3084 1455 3155 ἕν
1477 3093 1519 3177 aql
1540 3083 1610 3151 at·
1640 3126 1641 3131 κ

498 3208 581 3272 λῶνι
601 3211 647 3296 τῷ
669 3211 748 3296 περὶ
768 3191 902 3294 Σορλοῖν.
925 3207 1153 3295 παραδείσους
1175 3207 1205 3271 δ’
1228 3206 1317 3273 ελναί
1337 3228 1423 3292 φασι
1444 3207 1516 3272 δύο
1535 3203 1591 3288 μό·
1640 3212 1641 3233 ¹

500 3348 614 3404 νουςς
637 3325 782 3389 similiter
797 3323 854 3389 IX.
876 3326 906 3391 1.
918 3325 948 3393 7.
970 3325 1007 3391 τό
1031 3321 1068 3391 ἕν
1084 3330 1189 3415 Σαρλα
1211 3324 1393 3408 βάλσαμον.
1417 3324 1499 3388 Nam
1518 3318 1592 3408 quod

499 3440 790 3508 minuamur.
814 3440 894 3505 dues
915 3442 988 3507 illos
1009 3442 1119 3505 hortos
1141 3449 1192 3506 urst
1211 3432 1362 3506 amaeam
1376 3446 1591 3507 *leucatens-

499 3557 612 3640 cessit,
640 3557 918 3645 factum‘quidem
947 3567 996 3622 est
1024 3566 1097 3644 post
1119 3558 1310 3646 Vespasiani
1332 3560 1523 3646 triumphum
1543 3554 1591 3621 scd

500 3675 591 3740 alteri
613 3676 683 3740 loeo
705 3676 836 3740 minime
858 3676 1054 3761 refragatur,
1085 3698 1156 3741 cum
1178 3682 1223 3767 τῷ
1242 3675 1371 3744 αὖλῶνι
1392 3673 1592 3763 Theophrasti

500 3814 540 3859 ea
571 3813 645 3879 pars
669 3795 787 3880 Syrias
808 3793 981 3878 indicetur,
1015 3814 1110 3880 quam
1130 3794 1253 3861 Plinius
1286 3792 1339 3859 illc
1373 3795 1444 3860 loco
1466 3794 1591 3863 Iudaeae

498 3914 628 3983 numius
648 3912 802 3984 distinxit.

582 4030 675 4109 Quod
698 4036 806 4099 autem
826 4027 1001 4097 inmodice
1024 4030 1163 4101 asemel
1186 4037 1216 4095 in
1239 4035 1332 4115 Syria
1356 4032 1508 4120 scriptum
1541 4035 1590 4108 est,

397 4139 404 4153 ’
499 4147 575 4213 inde
595 4148 854 4213 iteratislittcris
876 4155 981 4229 acyrta
1002 4147 1089 4213 haud
1107 4144 1194 4211 dubii
1215 4136 1371 4235 legimus:

541 4271 671 4331 Fastidit
693 4258 856 4331 λαῑεαλοοαα
877 4270 950 4330 aliti
970 4271 1058 4330 nasci
1078 4277 1190 4330 natura
1214 4272 1272 4331 nist
1292 4272 1322 4331 in
1344 4272 1453 4350 Syria,
1481 4269 1590 4348 Assyria

540 4388 638 4448 malus
659 4389 719 4448 et.
1124 4358 1127 4363 ¹

584 4506 729 4567 Arabiam
751 4520 822 4566 cum
852 4499 944 4566 codd.
961 4518 1071 4586 aeque
1092 4505 1210 4565 Arahtu
1232 4508 1319 4565 recte
1340 4504 1436 4566 lanus
1469 4498 1589 4587 scripsit,

421 4685 425 4694 ,
500 4620 534 4685 ln
555 4640 650 4706 quam
673 4620 888 4684 coniecturam
903 4639 964 4705 ego
986 4636 1112 4704 quoqne
1124 4610 1318 4683 incideram.
1342 4618 1431 4684 Idem
1446 4620 1473 4703 ξ.
1490 4619 1553 4687 137.
1574 4634 1589 4675 t

394 4760 398 4767 ·
502 4736 572 4814 cccl.
595 4737 729 4801 allanus
751 4744 838 4803 recte
852 4736 932 4823 1th
948 4742 1126 4819 tmproctsc.
