3700 5625
712 756 802 819 [der
821 758 955 822 XXXV.
1322 752 1385 821 223

284 948 503 1013 emendantur.
548 953 604 1025 Qui
630 971 703 1015 more
738 955 846 1015 dende
867 963 896 1014 et
925 971 1004 1031 quoe
1030 956 1192 1015 invocator
1223 962 1252 1013 et
1278 955 1385 1027 colors

284 1072 480 1148 temporibus,
506 1067 629 1132 Plinius
651 1069 841 1154 scripserat,
868 1076 975 1134 utres
1003 1075 1036 1133 et
1057 1074 1195 1133 aetatem
1222 1068 1384 1154 particulis

283 1184 426 1267 repetitis
449 1184 668 1270 coniungeret.
711 1185 816 1260 Quum
835 1192 942 1251 autem
965 1185 1164 1270 grammatici
1186 1185 1385 1250 additamen-

282 1306 349 1363 tum
372 1314 690 1380 moropommaroro
711 1324 823 1381 pereo
841 1311 980 1383 picturae
995 1314 1142 1366 vocentur
1163 1302 1196 1366 in
1209 1304 1385 1367 orationem

281 1418 443 1503 scriptoris
460 1419 664 1503 reciperetur,
688 1422 821 1506 configit
843 1427 875 1485 et
897 1429 933 1485 ut
954 1443 980 1485 v.
997 1440 1068 1484 mox
1082 1420 1207 1485 initium
1221 1421 1386 1505 proximae

282 1535 469 1604 absorberet
489 1542 522 1600 et
542 1544 579 1601 ut
599 1559 628 1601 v.
649 1544 702 1617 poi
721 1544 932 1623 repeteretur.
983 1584 994 1609 .

545 1761 548 1766 Ι
721 1660 769 1732 36
795 1676 834 1713 ==
861 1662 957 1747 epu
1407 1647 1469 1717 765

328 1783 521 1884 Sinopidis
553 1784 730 1866 Ponticae
771 1788 923 1878 selibra,
964 1786 1042 1867 silis
1081 1766 1194 1867 lucidi
1226 1787 1386 1864 librisX

329 1916 399 1994 rel.

362 2049 450 2114 Huic
482 2050 629 2134 equidem
655 2051 725 2116 loco
753 2074 818 2118 non
841 2061 966 2119 tantum
994 2053 1104 2117 auxilii
1133 2052 1247 2132 afferre
1274 2058 1386 2137 potero

279 2177 437 2254 quantum
457 2168 603 2251 proximo
626 2171 781 2254 superiori
804 2173 912 2236 sensui
933 2171 1098 2261 Pintianus
1121 2170 1235 2252 attulit,
1259 2168 1316 2232 sed
1339 2175 1386 2251 ta·

278 2306 353 2349 men
385 2285 566 2369 elegantiae
594 2282 749 2352 sermonis
778 2289 958 2353 consultum
987 2306 1058 2352 ease
1081 2286 1232 2368 arbitror,
1275 2280 1348 2349 cum'
1365 2280 1387 2349 'e

278 2399 350 2465 cod.
367 2399 396 2463 B
418 2414 448 2464 et
463 2407 528 2464 silis
553 2404 726 2488 scripseris.
744 2447 748 2455 ·

570 2525 805 2613 37:6,1n
844 2524 913 2614 (de
942 2522 1098 2617 melino)

329 2658 526 2754 praeterea
564 2651 728 2753 linguam
766 2663 867 2732 tectu
906 2660 1038 2747 siccet,
1087 2657 1182 2757 pilos
1219 2656 1387 2746 detrahit,

327 2787 484 2887 mitigat.

342 2909 426 3005 ,Nisi
448 2922 577 3006 egregie
598 2921 701 3004 fallor,
719 2922 801 2986 Plin.
818 2929 934 2988 medico
957 2931 986 2988 oi
1008 2925 1152 3008 scripsit‘.
1176 2926 1226 2987 lta
1247 2924 1388 3008 Silligius

279 3051 311 3107 et
346 3040 469 3105 fallitur
499 3043 638 3124 egregie.
680 3039 763 3103 Nam
796 3049 882 3104 recte
916 3040 1045 3126 quidem
1074 3062 1091 3103 e
1124 3043 1273 3105 librorum
1296 3041 1387 3108 MSS.

278 3157 470 3242 corruptelis
493 3158 610 3222 metica
638 3158 723 3221 utB

492 3277 633 3338 mecoica
644 3282 679 3338 ut
702 3275 730 3338 V
742 3276 763 3340 d

362 3445 366 3450 ,
492 3392 628 3455 metcica
648 3400 684 3487 ut
705 3393 735 3456 R

1356 2445 1521 2587 cee',

278 3510 518 3575 substantivum
539 3516 569 3573 oi
591 3509 713 3592 elicuit,
743 3509 800 3574 sed
823 3510 1015 3576 adiectivum
1040 3511 1164 3575 etiamsi
1188 3511 1272 3596 apud
1295 3510 1386 3574 Dios-

278 3627 423 3692 coridem
444 3626 484 3690 V.
508 3628 578 3708 179,
601 3648 694 3712 quem
717 3629 823 3693 locum
845 3630 915 3713 ipse
937 3619 1097 3710 laudavit,
1119 3629 1250 3693 verbum
1274 3627 1387 3714 σμήχει

245 3725 251 3732 ’
278 3767 345 3810 uon
375 3745 585 3829 repperisset,
613 3746 706 3809 Plinii
734 3748 848 3810 saltem
871 3755 1002 3812 auctore
1024 3745 1128 3810 XXX.
1151 3746 1192 3813 29
1219 3746 1387 3809 restituere

278 3867 418 3948 poterat.
440 3862 528 3926 Luce
544 3863 628 3924 enirn
642 3842 757 3927 clarius
772 3870 821 3928 est
840 3865 935 3928 scribi
959 3871 1125 3948 oportere:
1148 3871 1331 3926 sincerior
1352 3869 1387 3925 oi.

727 3987 776 4059 38
792 4021 823 4051 z
847 3989 941 4071 620·
1055 3989 1058 3994 Ι
1409 4002 1469 4070 767

336 4113 425 4189 Usta
452 4135 542 4190 casu
566 4123 711 4214 reperte.
732 4116 838 4192 estin
866 4113 1038 4192 incendio
1058 4114 1207 4206 Piraeei,
1236 4136 1387 4190 cerussa

330 4249 367 4322 in
381 4235 485 4323 ¹orcis
514 4258 684 4325 cremata.

364 4379 517 4444 Orcarum
542 4399 640 4463 quum
662 4379 874 4446 in'ooloribus
897 4380 1120 4465 comparandis
1143 4381 1231 4444 nulla
1251 4400 1385 4466 usquam

281 4498 404 4562 mentio
425 4496 490 4577 fiat,
512 4494 600 4560 urcei
621 4505 729 4562 autem
753 4508 788 4564 et
805 4497 1065 4564 aVitruvioVII.
1082 4501 1131 4564 11.
1160 4507 1170 4564 1
1195 4505 1227 4563 et
1250 4498 1388 4562 ePlinio

280 4616 352 4700 ipso
372 4613 527 4677 XXXIV.
550 4616 611 4682 175
634 4623 938 4698 commemorentur,
966 4637 1030 4680 non
1052 4637 1182 4701 possum
1206 4637 1270 4681 non
1292 4616 1388 4681 vehe-

281 4741 407 4800 menter
428 4733 552 4813 mirari,
579 4732 748 4799 lectionem
770 4743 854 4800 urcio
874 4755 956 4818 quae
978 4736 1010 4797 in
1034 4736 1074 4798 B¹
1108 4739 1264 4822 reperitur
1288 4737 1389 4800 altere
