3700 5625
611 857 616 864 Ι
727 759 820 825 leber
839 759 929 829 m.
1306 789 1328 826 o
1341 759 1382 829 lb

540 978 545 986 ·
629 957 699 1034 139
725 965 763 1034 et
788 961 1030 1050 10:33‚60.
1402 967 1464 1040 275

331 1075 578 1206 (Cupressus)
622 1105 759 1184 femina
794 1105 930 1186 sterilis
965 1107 1038 1186 diu.
1079 1105 1198 1185 lletae
1234 1107 1383 1191 demum

326 1237 509 1341 adspectu
541 1263 616 1318 non
642 1241 836 1342 repudiata
862 1241 1136 1343 distinguendis
1162 1247 1302 1320 tantum
1327 1241 1383 1348 pi-

326 1394 457 1451 norum
484 1375 693 1466 ordinibus,
720 1398 820 1453 nunc
842 1397 935 1453 vero
963 1373 1109 1456 tonsilis
1135 1374 1232 1454 lacte
1257 1381 1327 1454 etc.

361 1525 513 1590 sterilem
543 1545 730 1612 cupressum
762 1525 861 1591 curm
885 1524 1127 1612 Theophrastus
1146 1525 1322 1612 appellarit
1341 1527 1382 1593 11.

283 1641 310 1709 2.
328 1643 348 1711 2
376 1663 478 1726 caus.
497 1643 598 1728 plant.
620 1644 648 1708 L
668 1643 698 1713 2.
714 1643 762 1725 2‘,
804 1641 860 1710 diu
881 1643 1022 1710 sterilem
1044 1663 1127 1730 quse
1146 1649 1282 1729 semper
1297 1650 1384 1710 esset

283 1780 320 1824 ue
339 1760 464 1826 Plinius
487 1759 617 1846 quidem
639 1760 801 1846 appellare
822 1760 934 1848 potuis
962 1762 1063 1826 Immo
1085 1760 1146 1828 hoc
1168 1760 1260 1846 dreit,
1288 1768 1384 1830 antea

282 1879 393 1943 rustico
421 1885 549 1944 tantum
591 1879 664 1943 usui
691 1877 886 1944 destinatam
925 1878 984 1964 (cl.
1009 1881 1110 1945 Varro
1132 1900 1156 1943 r.
1185 1885 1263 1944 rust.
1284 1881 1310 1944 Ι.
1332 1881 1393 1967 15.Ι

208 2081 210 2084 ¹
284 1994 337 2074 Qu)
360 2017 445 2061 nuno
467 1998 565 2090 etiam
586 1996 744 2084 parietum
767 1996 946 2083 elegantiae
971 1997 1090 2062 servire
1112 1996 1273 2084 coepisse,
1296 1997 1383 2084 quod

283 2135 340 2202 quo
361 2115 543 2180 accuratius
571 2114 821 2199 demonstraret,
855 2113 1031 2179 contrarias
1061 2115 1168 2202 posuit
1199 2136 1294 2181 voces
1316 2121 1382 2182 diu-

282 2253 370 2312 nonc,
404 2244 502 2298 metue
523 2226 666 2316 adspectu
690 2273 725 2282 »-
744 2231 860 2300 tumidis
877 2235 976 2310 facta.
1008 2233 1305 2320 Interpungendum
1333 2240 1383 2299 est
1498 2294 1506 2308 ,

208 2423 209 2426 ¹
283 2348 390 2435 igitur:

316 2472 426 2543 semino
446 2475 566 2535 sterilis.
609 2473 667 2534 Diu
687 2480 783 2534 metae
805 2475 920 2534 mosum
945 2470 982 2552 (i.
1006 2489 1034 2534 e.
1057 2473 1198 2548 tantum)
1224 2476 1284 2536 oto.

285 2583 431 2651 (leterum
453 2588 619 2652 verissime
640 2588 808 2653 Pintianus
831 2610 889 2677 pro
912 2595 1063 2675 corrupta
1083 2608 1161 2653 voce
1180 2596 1320 2670 pinorum
1334 2609 1382 2654 ro-

284 2703 425 2769 stituerst
445 2679 624 2791 vinearum,
650 2706 691 2772 cl.
712 2702 816 2771 Varro
838 2708 858 2771 l.
880 2709 911 2791 l.‚
934 2708 1013 2771 Plin.
1033 2703 1137 2772 XVII.
1160 2708 1237 2791 151,
1256 2709 1257 2712 ’
1274 2708 1329 2772 ubi
1349 2709 1383 2772 in

284 2822 444 2889 vinearum
463 2825 677 2912 descriptione
687 2826 768 2891 haec
783 2826 855 2911 ipsa
868 2826 968 2890 rerba
981 2806 1203 2912 respiciuntur.
1213 2865 1249 2874 -
1276 2826 1303 2911 §-
1312 2828 1382 2895 141.

209 2927 213 2932 ¹
284 2946 365 3033 recte
393 2941 461 3007 sill.
486 2942 512 3009 1.
538 2952 694 3026 plantaria
715 2945 836 3031 legunt.
879 2944 1004 3010 Ibidem
1027 2944 1190 3031 vulgatam
1212 2944 1383 3010 lectionem

208 3143 209 3148 ἵ
283 3063 311 3121 in
330 3066 461 3125 Aenaria
502 3033 611 3127 s‘Sffl.
633 3062 659 3127 I.
688 3063 820 3127 retineri
851 3068 903 3127 est
930 3062 1016 3147 quod
1048 3063 1188 3145 irriseris,
1227 3084 1300 3127 cum
1327 3083 1382 3129 ve·

283 3197 347 3242 rum
371 3185 403 3245 in
428 3183 529 3245 Porro
556 3180 724 3272 Bentleius
754 3200 883 3267 opusoa
911 3203 943 3266 p.
965 3182 1037 3249 476.
1060 3170 1160 3267 puem
1181 3181 1287 3249 locum
1315 3180 1380 3244 Sill.

284 3297 346 3381 ipse
365 3299 521 3382 laudavit,
542 3298 787 3386 chrecphrasti
799 3298 874 3390 hist
895 3298 993 3385 plant.
1012 3300 1056 3367 11.
1075 3299 1105 3367 2.
1128 3298 1155 3367 2.
1179 3298 1381 3367 restituisset.

284 3416 360 3481 Nam
385 3418 470 3481 hunc
496 3418 604 3481 locum
630 3437 651 3480 a
670 3416 774 3481 Plinio
804 3418 994 3481 translatum
1017 3437 1089 3481 esse
1110 3417 1216 3482 verbis
1238 3414 1306 3483 ἀπὸ
1328 3421 1383 3502 τῆς

287 3542 378 3621 τομῆς
417 3511 598 3618 βλαστάνει
641 3540 674 3598 et
717 3534 852 3617 ,succisa
878 3534 1083 3619 regerminat‘
1122 3534 1206 3600 inter
1239 3554 1273 3599 se
1301 3554 1383 3599 com·

287 3655 396 3735 paratis
431 3653 577 3718 efficitur.
611 3652 739 3717 Scilicet
765 3651 798 3717 in
827 3652 937 3747 codice
967 3653 1062 3738 aqui
1085 3652 1250 3737 archetypi
1271 3652 1383 3716 vitium

288 3770 461 3859 inreliquis
482 3770 711 3857 interpolatum
733 3771 890 3855 servarit,
911 3776 1086 3835 morenorto
1108 3770 1271 3853 scribitur,
1301 3790 1383 3855 quae

285 3886 496 3977 dittographia
513 3888 654 3954 nominis
675 3890 816 3975 corrupti
847 3898 895 3966 (in
915 3909 971 3954 oro
991 3894 1022 3953 to
1044 3892 1132 3969 mlo)
1154 3886 1382 3955 videturesse.

675 4032 679 4042 ’
708 4044 965 4167 142ὲ33,6ο.
1039 4144 1049 4157 ,
1404 4076 1466 4144 erc

330 4226 427 4305 ‚Sed
451 4228 624 4305 increta
649 4272 694 4285 «-
721 4196 759 4303 ui
784 4224 941 4303 naturali
962 4225 1060 4303 haec
1081 4224 1258 4325 gignitur.

373 4378 428 4443 Sic
460 4398 480 4441 e
510 4378 597 4442 libro
628 4333 845 4463 Duwompfi‘
861 4396 960 4440 manu
995 4341 1112 4461 scripto
1145 4375 1213 4441 Sill.
1245 4375 1270 4443 l.
1303 4374 1383 4439 scri·

290 4502 422 4576 pserunt
466 4494 652 4561 Gronovius
684 4499 705 4559 s
733 4494 884 4560 codicum
915 4512 1045 4571 suorum
1083 4494 1226 4579 vestigiis
1254 4500 1319 4557 ,m
1347 4498 1382 4555 ,io

291 4620 414 4677 mund
438 4614 547 4679 clicuit
587 4619 686 4694 ,osmi
710 4619 747 4677 cr·
773 4614 932 4690 ooturals'f
962 4609 1005 4673 sd
1029 4620 1163 4675 sensum
1184 4618 1289 4693 recte,
1320 4609 1384 4675 ssd

292 4730 418 4798 molesta
432 4750 512 4797 soca
527 4731 678 4798 adudssa
700 4730 867 4800 aratris
891 4727 1021 4794 librisd
1036 4729 1260 4815 interpolatam
1270 4727 1383 4794 leutic-
