3700 5625
424 720 487 789 288
841 726 932 787 ΗΜ
950 724 1125 789 aarum.

425 926 477 983 tur
497 917 689 983 vocabulum
716 918 880 1005 ‚eorporio‘
909 920 1069 988 sententia
1096 919 1259 1005 flagitatum
1285 922 1426 987 omniuo.
1471 918 1532 987 Ga·

425 1036 612 1123 pillamenta
633 1037 737 1119 onim,
765 1036 830 1119 eal,
857 1038 1031 1125 plumbago
1053 1036 1119 1103 uon
1140 1037 1256 1104 eoloris
1278 1038 1357 1101 vitia
1377 1046 1453 1105 sunt
1475 1038 1533 1107 uod

425 1156 577 1241 eorporis.
607 1154 721 1241 Itaque
743 1155 882 1238 servatio
899 1156 1050 1243 religione
1079 1176 1162 1243 quae
1185 1156 1218 1220 in
1239 1155 1267 1219 B
1289 1154 1408 1224 adeunt
1426 1156 1534 1222 vorbis

426 1274 545 1339 imon
565 1272 670 1339 Plinio
692 1274 811 1360 aoripta
831 1294 905 1339 eane
926 1272 1058 1342 oonioio.
1189 1322 1192 1330 .

468 1430 504 1439 -
529 1398 655 1457 candor.
675 1396 759 1458 Haec
780 1398 901 1476 coloris,
924 1399 1064 1472 corporis
1084 1404 1152 1457 suut
1173 1399 1240 1457 item
1262 1398 1334 1457 vitiu
1355 1392 1412 1456 rei.

507 1512 537 1597 S.
559 1511 601 1578 70
621 1516 652 1575 in
672 1516 735 1576 sole
756 1512 853 1577 otiam
874 1513 907 1577 Bv
922 1511 1031 1593 habet,
1052 1509 1263 1609 hauddubie
1285 1510 1531 1577 restituendum.

425 1628 771 1715 §.71M0mmsenius
806 1628 848 1693 ad
869 1628 1013 1695 Solinum
1036 1601 1124 1714 aaa
1152 1626 1278 1719 ¹oodioio
1311 1628 1338 1691 Β
1374 1630 1531 1715 scriptura

425 1748 607 1833 improbata
628 1767 647 1810 e
668 1746 761 1812 oodd.
783 1746 919 1812 Barbari
947 1746 989 1811 ad
1010 1746 1175 1831 vulgatam
1198 1746 1368 1813 lectionem
1397 1746 1533 1813 redeun-

427 1853 503 1932 dum
524 1887 597 1931 ease
618 1865 750 1932 monuit.
792 1864 821 1949 §0
842 1866 884 1933 73
905 1862 933 1929 Β
954 1885 1020 1930 non
1041 1874 1147 1929 vocent
1172 1864 1229 1930 sed
1250 1870 1287 1930 ut
1309 1866 1404 1953 vulgo
1426 1878 1536 1931 vocatu
1663 1918 1664 1953 r

427 1984 572 2066 exhibet3
608 1984 639 2069 S.
659 1984 699 2051 75
720 1983 807 2048 idern
839 1989 926 2047 route
957 1988 1014 2049 uisi
1046 1989 1083 2047 si.
1102 1974 1104 1982 ’
1125 1982 1155 2068 §.
1178 1982 1220 2051 79
1250 1982 1320 2049 Iani
1350 1983 1535 2049 aonieotnra

427 2112 563 2167 castrata
583 2101 662 2190 mibi
682 2100 848 2187 probatur,
869 2121 949 2166 roae
971 2106 1079 2165 tomen
1091 2122 1185 2166 caasa
1203 2120 1221 2165 e
1242 2100 1375 2187 vulgata
1395 2102 1533 2199 leotione

426 2226 579 2309 recepta,
609 2220 640 2305 S.
661 2218 702 2287 83
725 2238 743 2283 e
766 2218 794 2283 B
815 2218 1034 2303 reeipiendum
1055 2222 1105 2283 est
1124 2230 1201 2284 runt.

344 2371 407 2441 848
687 2358 903 2444 88:623.
936 2353 1003 2448 (de
1029 2352 1301 2453 sardonyche).

475 2488 733 2564 persuasimus
761 2485 896 2564 deinde
938 2493 974 2563 et
1004 2486 1104 2564 ludis
1131 2496 1170 2564 ut
1196 2487 1266 2589 ipsi
1303 2509 1452 2586 quoque
1479 2489 1535 2565 his
1663 2466 1664 2543 ἶ

477 2621 700 2721 gauderent,
740 2622 925 2719 utiturque
954 2621 1147 2723 perforatis
1181 2620 1308 2719 utique
1339 2618 1473 2723 vulgus
1499 2622 1535 2697 iu
1663 2648 1664 2735 ᾖ

479 2750 595 2848 oollo;
628 2760 665 2831 et
689 2753 763 2831 hoo
788 2776 888 2831 nuno
914 2760 972 2830 est
998 2752 1203 2830 Indicarum
1231 2761 1499 2854 argumentum.

513 2893 621 2952 deinde
641 2893 721 2952 indis
755 2899 788 2950 at
808 2894 867 2967 ipa
893 2908 983 2968 quoq.
1004 2891 1171 2966 euaderent
1202 2895 1297 2951 utitur
1322 2891 1489 2967 perforatis
1512 2888 1540 2952 B

329 3008 332 3012 ’
430 3007 620 3087 rectissime,
653 3005 715 3069 nisi
737 3003 823 3090 quod
843 3005 876 3079 in
897 3005 961 3070 tine
984 3025 1095 3070 vernus
1117 3010 1191 3090 pout
1213 3023 1330 3084 quoque
1351 3005 1472 3070 exoidit
1492 3013 1539 3087 iis,
1663 2975 1664 3050 Ῑ

429 3129 465 3188 nt
486 3143 506 3186 a
526 3145 556 3187 v.
578 3130 672 3187 utitur
684 3121 935 3187 novaoententia
943 3120 1136 3189 exordiatur.
1157 3121 1188 3207 §.
1200 3121 1272 3189 920
1288 3119 1321 3222 λΒ
1343 3123 1483 3208 quemin
1504 3143 1538 3196 re
1663 3127 1664 3188 3

431 3240 529 3307 dubia
550 3242 642 3326 aequi
658 3262 717 3326 par
735 3247 800 3321 eat,
828 3260 958 3318 magnae
979 3238 1165 3325 delendum,
1187 3252 1216 3303 et
1238 3239 1442 3314 eodbendum
1466 3261 1539 3307 eoae

430 3376 557 3424 oonseo.

349 3449 412 3514 844
661 3445 887 3532 104=r‚30.
916 3441 985 3534 (de
1014 3440 1315 3527 Carchedoniist.

481 3573 742 3673 Carthaginem
769 3574 956 3673 quondam
982 3573 1282 3674 deportabantur.

445 3747 448 3752 -
516 3710 697 3784 Cartbagine
719 3707 747 3772 B
768 3713 871 3789 route,
905 3728 951 3772 oo.
975 3727 995 3770 a
1016 3705 1254 3772 Nasamonibuu
1284 3706 1318 3772 iu
1351 3705 1464 3771 urbem
1487 3705 1541 3770 de·
1663 3775 1664 3792 χ

432 3830 546 3892 reatae
568 3821 644 3890 inde
665 3829 754 3888 trans
782 3823 1124 3905 manumittebantur.
1167 3823 1267 3891 Paulo
1290 3845 1387 3910 supra
1407 3829 1543 3888 imbreo

432 3941 461 4005 B
484 3940 613 4026 quidem
635 3941 742 4024 abest,
772 3941 828 4006 sed
850 3941 967 4006 Isidori
989 3941 1179 4006 auctoritate
1201 3939 1289 4007 XVI.
1316 3941 1353 4007 13
1372 3940 1541 4006 oonfirma·

432 4065 494 4139 rur,
516 4058 602 4144 quod
624 4066 736 4124 contra
756 4059 868 4123 Ianum
890 4077 1017 4124 moneo.
1044 4056 1133 4123 Infra
1154 4068 1295 4123 cararent
1317 4059 1435 4143 legitur
1456 4057 1491 4122 in
1512 4057 1540 4121 B

431 4175 452 4256 i.
476 4195 504 4239 e.
525 4196 614 4239 cerae
633 4183 801 4240 retinent
823 4177 908 4263 quod
922 4179 1016 4262 plene
1039 4169 1272 4272 aoriptumerat
1293 4174 1369 4240 inY
1392 4173 1540 4248 (Fuxen-

433 4293 491 4379 oi),
514 4294 733 4360 oonfirmatum
757 4315 777 4358 a
800 4294 910 4360 Solino
925 4294 967 4363 80
981 4301 1013 4359 et
1029 4294 1184 4359 Isidoro.=
1218 4363 1220 4366 ,

350 4427 413 4494 845
727 4417 963 4517 105=u‚31.
1002 4411 1070 4504 (de
1098 4414 1242 4506 sarda).
1474 4523 1480 4532 x

483 4545 723 4623 -adhaec
762 4548 872 4636 sarda
904 4543 1098 4622 utilissima
1131 4590 1161 4602 -
1195 4546 1276 4646 ipsa
1310 4545 1476 4644 vulgaris
1503 4557 1539 4624 et

488 4675 640 4773 primum
667 4677 847 4755 Sardibus
873 4686 1035 4778 repertur
1054 4679 1139 4756 ³sed
1164 4677 1416 4756 laudatissima
1443 4680 1541 4757 eirca
1663 4737 1664 4770 ᾗ
