3700 5625
529 562 592 632 lte
967 568 1068 639 beer
1088 573 1199 643 Vm.

497 731 500 739 ¹
528 755 563 820 et
579 761 639 822 n.“
661 774 703 822 es
723 756 907 840 inmineat,
929 755 1032 823 inodo
1047 743 1145 825 aliter
1159 759 1447 846 interpungautur.
1479 763 1613 852 Nsuque

527 889 557 940 v.
570 871 670 937 amat
687 875 732 940 ad
752 895 807 941 vv.
827 885 951 940 meant
969 887 1005 942 et
1024 881 1212 943 mator
1234 882 1385 967 pertinet
1411 881 1520 948 Scribi
1532 884 1615 969 ip'tur

526 1000 680 1075 oportetz

604 1117 727 1175 mant
746 1107 824 1174 illae
842 1109 943 1175 amat
959 1110 1059 1177 colore
1077 1114 1342 1210 mauroque,
1363 1123 1397 1181 et
1417 1139 1455 1182 n.
1475 1139 1506 1204 p.
1526 1137 1551 1182 a.

446 1294 507 1362 177
950 1265 1203 1364 82:22,34.

573 1417 619 1494 Id
646 1440 793 1516 quoquc
819 1416 1014 1512 Fabius,
1047 1419 1202 1496 eundern
1227 1419 1399 1520 recipere
1426 1432 1573 1500 vasten.

605 1568 659 1634 De
679 1567 848 1633 Arcadiae
863 1565 1096 1653 versipellibus
1116 1569 1350 1656 quamplures
1370 1584 1531 1640 auctores
1549 1592 1611 1637 con·

495 1774 499 1783 Ι
522 1687 662 1753 suluerit
683 1685 821 1765 Plinius,
842 1685 1031 1754 Romanurn
1052 1710 1185 1776 quoqne
1202 1690 1354 1756 adbiberi
1375 1711 1445 1758 non
1467 1692 1611 1777 estquod

521 1804 662 1870 mireris.
712 1803 798 1869 Nam
824 1823 912 1890 quae
937 1804 1049 1870 station
1073 1818 1258 1892 sequuntur
1287 1808 1438 1891 „Mirum
1464 1822 1534 1890 est,
1557 1829 1610 1894 quo

519 1925 684 2011 procedat
710 1923 847 1989 Graeca
876 1920 1102 2003 credulitas“,
1131 1923 1176 1987 ad
1205 1923 1321 1989 miram
1352 1925 1394 1991 de
1420 1927 1610 1994 Demaeneto

518 2043 592 2112 siv'e
611 2043 803 2112 Demarcho
822 2042 1047 2109 narrationem
1068 2042 1243 2127 pertinent.
1284 2043 1425 2112 Fabium
1447 2056 1554 2111 tamen
1567 2045 1611 2130 qui

518 2166 598 2231 talia
619 2163 809 2250 prodidisse
830 2163 997 2242 videatur,
1018 2161 1143 2228 nudum
1163 2163 1251 2229 ucri.
1292 2165 1379 2230 Nau
1399 2164 1539 2234 Fabium
1556 2164 1609 2229 Ve

516 2283 652 2368 stalera,
671 2283 727 2369 qui
748 2281 822 2348 Vll.
843 2281 915 2346 113.
936 2280 1109 2360 laudatur,
1129 2282 1194 2346 iarn
1214 2302 1320 2366 supra
1339 2307 1375 2368 p.
1384 2283 1416 2347 7.
1440 2284 1484 2349 de
1502 2283 1610 2348 Rona-

515 2423 633 2469 norum
649 2401 856 2487 potissimum
874 2401 1126 2486 antiquitatibus
1138 2402 1252 2488 egisse
1265 2402 1465 2472 monuimus.
1487 2403 1531 2468 At
1541 2420 1610 2467 vero

515 2517 672 2605 Papirius
692 2517 875 2600 Fabianus,
897 2517 940 2581 de
960 2538 1028 2602 qno
1041 2517 1234 2584 MSeneca
1257 2518 1408 2586 Prooam.
1428 2516 1608 2585 contronll

514 2647 548 2705 at
562 2637 599 2704 L.
612 2637 746 2703 Seneca
760 2635 865 2720 Epist
886 2633 924 2703 G.
946 2634 1143 2702 conferendi
1161 2648 1250 2716 sunt,
1272 2645 1341 2704 tum
1362 2638 1405 2703 de
1426 2659 1537 2704 rerum
1556 2655 1607 2702 na·

512 2767 587 2824 tura
608 2757 641 2821 iu
663 2754 854 2821 universum
873 2761 943 2818 tum
963 2752 1006 2818 de
1019 2751 1188 2819 miraculis
1210 2755 1409 2839 praesertim
1430 2754 1607 2842 disputavit

512 2870 790 2953 titillantes,
810 2869 931 2951 lxta,
940 2870 1012 2935 xil.
1025 2868 1098 2954 200,
1116 2868 1237 2950 XVA,
1258 2870 1376 2938 XXlll.
1388 2871 1447 2957 62,
1469 2872 1607 2939 xxvflt

508 2990 563 3073 tt,
584 2986 818 3057 XXXVlJbb.
846 2987 963 3063 Quare
982 2986 1018 3055 b.
1034 2985 1057 3052 l.
1077 2984 1194 3074 legere
1214 2999 1381 3073 praestata
1400 2990 1606 3056 Fabianae.

429 3180 491 3248 178
980 3149 1137 3229 Ibidem.

558 3310 716 3385 eundem
750 3305 894 3383 decimo
921 3329 1016 3381 auno
1047 3302 1258 3379 restitutum
1285 3302 1482 3381 athleticae
1517 3330 1604 3381 cer·

458 3526 488 3540 ‚¹
556 3454 682 3519 tasso
707 3442 753 3516 in
777 3442 992 3541 pugilatu
1013 3441 1333 3542 victoremque
1355 3442 1531 3543 Olympia
1553 3465 1603 3517 ro

554 3600 716 3657 versum.

586 3711 695 3779 Recte
717 3707 865 3795 Silligius
886 3708 1004 3775 eiectis
1027 3708 1260 3795 dittograpbiis
1280 3710 1431 3776 codicum
1455 3724 1489 3780 et
1511 3715 1601 3779 iuter·

502 3831 674 3919 polationc
702 3826 780 3892 iude
806 3837 880 3891 orta
905 3826 1058 3910 scripsit:
1091 3827 1276 3889 restinctum
1298 3824 1471 3893 athleticae
1492 3830 1529 3893 in
1550 3851 1600 3919 pa-

498 3950 604 4041 pilatu
635 3949 853 4039 viatoremque
878 3942 1031 4031 Olympia
1053 3964 1220 4009 reversum
1250 3944 1470 4024 „Athleticae
1497 3960 1599 4015 minen

500 4067 534 4130 in
546 4064 716 4150 pugilatu“
736 4083 835 4150 quum
852 4061 916 4126 dici
938 4069 1084 4146 nequeat
1104 4070 1138 4125 et
1160 4060 1351 4125 accuratior
1366 4064 1529 4131 victoriae
1548 4065 1599 4131 de·

499 4184 642 4269 siguatio
657 4182 879 4267 desideretur,
901 4180 1116 4267 transpositis
1130 4180 1244 4247 verbis
1264 4182 1396 4248 duobus
1416 4181 1598 4249 itadeaoum

499 4300 686 4369 emendatio
709 4300 918 4385 perficietur:

538 4420 726 4483 restitutam
746 4414 920 4481 atloleta'cue
942 4412 1161 4510 oleumque
1183 4415 1220 4480 1η
1238 4414 1388 4505 papum
1410 4415 1450 4485 0,
1470 4438 1499 4484 μ,

564 4538 614 4626 ²5.
628 4532 681 4603 ὦ.
706 4534 833 4621 primus
855 4532 1044 4603 Salmasius
1064 4553 1098 4621 p.
1108 4531 1181 4604 w.
1208 4554 1229 4601 a
1250 4535 1349 4605 codd.
1369 4537 1508 4623 scripsit
1527 4546 1596 4601 ata
