3700 5625
478 711 541 782 162
894 718 985 780 Liber
1010 717 1078 778 XX
1082 717 1168 780 VIII.
1255 750 1260 768 κ

520 914 597 975 Eos
617 914 693 976 iaec
713 916 872 976 credamus
892 919 950 980 rite
969 919 1037 992 iteri
1056 918 1205 993 iubere,
1235 925 1299 978 eut
1325 922 1464 980 extrusa·
1489 921 1570 980 iuter·

518 1040 607 1094 ventu
630 1067 663 1078 —
691 1035 822 1110 admei?
863 1051 1044 1110 quamquam
1065 1039 1131 1098 titos
1151 1038 1298 1111 relipioue
1326 1043 1453 1096 mutua
1474 1043 1572 1096 tuce·

520 1158 580 1240 tur
602 1158 631 1210 ct
648 1151 796 1233 scamma,
818 1155 1093 1228 imperatorum.—
1115 1160 1216 1214 custos
1237 1155 1383 1229 quodem
1403 1156 1573 1214 incassat

497 1268 660 1329 ‘Romana
687 1270 851 1330 Vestalibus
879 1273 987 1331 colitm
1009 1279 1036 1331 et
1056 1305 1098 1316 -
1118 1273 1266 1349 invidiae,
1295 1273 1434 1346 siccatque
1459 1274 1574 1334 eodem

519 1388 671 1462 respicere
690 1389 793 1447 similis
808 1389 957 1450 medicina
980 1391 1101 1464 tinpuuc
1121 1384 1176 1450 rel.
1211 1459 1214 1464 ¹

395 1556 458 1625 597
936 1541 983 1614 40
997 1571 1042 1603 =
1057 1541 1127 1627 4,8.

526 1666 669 1746 Morsus
701 1667 860 1746 hominis
898 1671 992 1748 inter
1018 1670 1240 1770 asperrimos
1278 1691 1429 1770 quoque
1458 1695 1577 1752 nume-

527 1808 636 1877 ratur.

561 1932 686 2000 Scribe:
709 1940 787 1999 inter
807 1941 989 2015 asperim
1009 1955 1187 2016 quosque.

395 2117 414 2183 5
938 2093 1150 2180 41=l,9.

416 2115 457 2184 98
525 2217 697 2295 Virorum
726 2219 942 2331 -capillus
969 2223 1070 2297 canis
1095 2221 1279 2299 morsibus
1306 2222 1529 2299 medetur-
1549 2229 1580 2296 et

527 2352 685 2450 capitum
720 2353 934 2432 vulneribus
963 2398 1006 2412 -
1035 2377 1057 2430 a
1082 2352 1231 2432 revulso
1269 2355 1385 2446 cruci,
1441 2361 1581 2454 quarta-

528 2485 596 2576 nis,
624 2486 839 2564 combustus
862 2531 907 2542 -—
935 2487 1181 2564 carcinomati.

561 2621 619 2681 hoc
640 2623 756 2682 reuulso
777 2618 808 2682 R
850 2640 889 2684 uc
908 2626 1027 2684 revictso
1049 2619 1121 2702 Vd,
1163 2620 1352 2701 rectissime,
1373 2620 1394 2683 i.
1417 2639 1446 2684 e.
1471 2642 1521 2685 uc
1540 2640 1580 2682 re·

478 2741 563 2800 vulso
585 2742 670 2803 cruci
693 2735 739 2822 (si
762 2736 846 2800 cruci
868 2737 1013 2802 revulsus
1035 2735 1132 2804 luerit
1153 2738 1217 2810 vir)
1243 2743 1408 2816 quartanis.

904 2894 1115 2980 43:4,1o
1162 2945 1165 2951 2

525 3022 557 3099 si
583 3020 740 3122 pollices
778 3024 914 3124 pedum
940 3030 1150 3124 pungantur
1183 3046 1325 3121 eaeque
1360 3031 1492 3123 guttae
1532 3046 1581 3099 re·

525 3155 688 3234 ferantur
714 3158 751 3233 in
777 3157 920 3234 faciem.

394 2958 455 3029 599

524 3294 697 3385 sefercmur
717 3308 758 3373 R,
771 3311 972 3386 peterentur
991 3306 1030 3371 V.
1054 3306 1180 3371 Scribe:
1202 3313 1235 3371 st
1253 3310 1395 3383 sanatur
1415 3312 1447 3371 tn
1468 3311 1578 3384 sociem

567 3424 569 3428 ’
919 3429 1133 3515 51:4,1s

524 3558 683 3636 Excedit
709 3558 821 3635 fidem
846 3601 893 3615 α
921 3581 1010 3634 cura
1035 3580 1108 3655 qua
1133 3558 1266 3636 sordes
1285 3555 1467 3634 virilitatis
1496 3579 1577 3635 con·

522 3703 579 3769 tra
604 3692 842 3791 scorpionum
880 3692 975 3767 ictus
1002 3689 1199 3790 singularis
1236 3690 1389 3773 remedii
1417 3690 1576 3768 celeber-

521 3825 601 3901 rimi
625 3832 797 3902 auctores
825 3823 1004 3916 clamant3
1031 3846 1157 3900 rursus
1173 3824 1210 3898 in
1227 3822 1382 3911 feminis
1411 3846 1504 3922 quas
1530 3824 1577 3897 in-

520 3959 672 4034 fantium
699 3957 784 4035 alvo
812 3958 930 4033 editas
957 3957 994 4030 in
1021 3964 1125 4033 utero
1153 3956 1235 4056 ipso
1267 3962 1395 4032 contra
1414 3953 1575 4032 sterilita·
1649 4020 1650 4023 a

519 4097 591 4167 tem
620 4091 730 4168 subdi
759 4096 934 4188 censent3
961 4090 1168 4167 meconium
1198 4095 1344 4166 vocant.

544 4218 735 4286 'Meconium
758 4244 822 4287 non
853 4228 1075 4307 antepartum
1108 4223 1140 4287 in
1162 4227 1253 4285 utero
1283 4221 1340 4285 sed
1378 4204 1492 4285 stetim'
1508 4224 1572 4305 post

469 4343 601 4431 partum
630 4338 681 4403 edi
718 4346 865 4423 constat,
900 4340 940 4403 cf.
963 4340 1098 4403 Aristot.
1120 4338 1163 4401 Η.
1186 4338 1283 4402 anim.
1306 4336 1379 4401 VII.
1404 4338 1495 4424 top.
1517 4336 1569 4402 587
1648 4422 1649 4431 ἵ

470 4454 567 4518 Bon:
592 4457 703 4540 ltaque
725 4461 850 4539 turpem
874 4476 1013 4521 errorem
1037 4463 1070 4519 et
1091 4475 1195 4541 paene
1212 4454 1382 4520 ridiculum
1404 4476 1445 4520 ne
1456 4454 1569 4519 Plinius

471 4572 669 4636 commisisse
690 4570 853 4655 rideatur,
883 4573 1032 4656 suppleta
1054 4593 1138 4658 quae
1161 4572 1279 4637 excidit
1300 4574 1416 4639 vocula
1438 4572 1568 4637 scriben-

472 4686 548 4749 dum
570 4693 635 4750 est:
673 4709 799 4767 poene
819 4694 849 4752 in
870 4700 955 4754 utun
978 4695 1077 4779 ipso..
