3700 5625
375 747 379 758 ·
490 727 533 799 sl
947 733 1035 796 liter
1056 729 1147 794 m.

573 927 760 994 Doctiorem
780 947 876 1013 quam
898 925 1146 1011 ingeniosiorsm
1167 923 1305 990 Plinium
1334 923 1435 990 fuisse
1456 945 1515 989 non
1534 944 1578 987 ne·

493 1047 633 1134 gaverim
671 1064 776 1136 neque
815 1053 880 1108 tem
912 1044 1045 1109 subacto
1068 1043 1270 1130 elegantique
1299 1063 1395 1129 quam
1430 1043 1524 1130 probo
1555 1049 1581 1104 et

463 1162 583 1252 'gravi
614 1163 733 1228 iudicio
768 1181 840 1226 eum
869 1161 1022 1248 polluisse
1049 1162 1118 1247 ipse
1151 1162 1183 1224 in
1212 1159 1459 1226 chrestomathie
1480 1181 1511 1247 p.
1529 1156 1580 1222 XV

493 1303 561 1370 sqq.
595 1279 772 1347 declaravi:
820 1286 953 1345 atvero
987 1286 1052 1344 tam
1083 1279 1190 1365 inepte
1220 1278 1349 1343 doctum
1386 1299 1457 1344 eum
1484 1277 1581 1356 luisse,

492 1406 528 1463 nt
548 1400 632 1464 inter
644 1397 817 1463 cauliculos
840 1398 952 1461 turrim
972 1405 1043 1461 'oum
1068 1397 1139 1460 lacu
1162 1402 1356 1480 exstrueret,
1378 1403 1444 1461 tam
1465 1394 1582 1460 confuse

493 1518 634 1581 locutum
656 1523 784 1578 esseut
805 1515 915 1578 turrim
938 1521 971 1579 et
992 1513 1091 1580 fuisse
1113 1519 1145 1580 et
1163 1533 1234 1578 esse
1253 1513 1400 1588 traderet,
1424 1523 1488 1577 tem
1510 1511 1583 1575 deni-

494 1653 555 1720 que
577 1632 775 1698 illitteratum
796 1631 896 1696 luisse
918 1639 954 1697 ut
974 1632 1062 1698 verbi
1084 1632 1147 1697 vim
1169 1651 1233 1695 non
1244 1631 1450 1717 perspiceret,
1472 1628 1585 1696 etiamsi

493 1750 534 1816 ad
558 1750 642 1814 hunc
665 1750 750 1815 diem
771 1770 864 1815 nemo
877 1750 1043 1834 dubitavit,
1066 1769 1126 1836 ego
1148 1769 1320 1836 numquam
1342 1757 1377 1814 ut
1390 1749 1517 1813 credam
1539 1745 1584 1811 ad·

495 1868 603 1933 ducar.
645 1867 790 1951 Scilicet,
823 1874 858 1932 ut
880 1867 920 1933 eb
945 1889 999 1951 eo,
1023 1867 1109 1952 quod
1131 1866 1275 1931 ultimum
1298 1867 1391 1953 posui
1415 1857 1585 1952 disputandi

494 1987 618 2050 initium
640 1985 774 2068 faciem,
806 2004 871 2050 non
894 1990 1132 2050 Locutarrerrses
1156 1983 1219 2069 (ite
1241 1985 1325 2049 enirn
1347 2004 1464 2049 nomen
1488 2004 1506 2048 e
1527 2003 1585 2046 cor·

495 2103 622 2189 ruptela
642 2102 753 2167 codo
796 2105 1012 2168 Loccturreses
1044 2103 1229 2169 restituatur
1262 2083 1394 2167 necasse
1425 2107 1490 2182 est)
1525 2120 1586 2186 pro-

494 2218 563 2305 pris
586 2218 785 2284 dicebantur
822 2221 931 2285 caules
974 2221 1030 2286 sed
1063 2225 1304 2286 lacuturnenses
1339 2219 1482 2284 aTurni
1514 2219 1587 2299 lacu,

496 2355 592 2421 quem
615 2335 792 2402 Columella
811 2337 853 2402 X.
878 2339 937 2407 137
959 2339 1112 2421 nominat,
1134 2338 1387 2426 appellabantur.
1412 2337 1490 2414 Quis
1511 2337 1584 2401 eninr

495 2454 650 2518 anescio
677 2475 741 2541 qua
762 2456 841 2519 turri
873 2455 978 2520 lecum
1007 2455 1205 2521 nominatum
1237 2477 1310 2521 esse
1338 2455 1436 2521 lando
1467 2454 1586 2534 audivit,
1638 2475 1639 2514 1

423 2624 425 2631 ,
495 2571 567 2655 quis
588 2578 697 2636 autem
717 2571 816 2636 Turni
837 2593 971 2657 nornen,
1009 2573 1154 2638 Veniliae
1173 2573 1229 2638 filii
1250 2567 1421 2660 'fratrisque
1444 2573 1584 2638 Iuturnae

496 2709 569 2754 cum
592 2689 634 2754 ad
654 2691 741 2755 illam
770 2692 935 2777 regionem
954 2697 1020 2755 tum
1044 2691 1085 2755 ed
1107 2681 1207 2776 eques
1227 2692 1428 2778 pertinuisse
1449 2689 1587 2778 ignorati

496 2808 688 2895 Inspiciatur
712 2807 825 2891 modo,
859 2808 887 2873 si
913 2808 994 2874 tenti
1016 2815 1082 2893 est,
1113 2809 1244 2875 Prellsri
1277 2808 1358 2875 liber
1394 2809 1435 2874 de
1469 2808 1587 2897 mythol.

379 2942 383 2951 ·
495 2926 587 2993 Rom
611 2948 642 3011 p.
665 2927 736 2994 684.
779 2924 873 3001 Quod
894 2946 1011 2991 nomen
1042 2946 1139 3012 quum
1171 2926 1258 3013 vulgi
1291 2928 1451 3013 imperitia
1478 2945 1588 3013 usuque
1637 2956 1638 3011 3

496 3043 650 3131 loquendi
662 3045 695 3107 in
707 3044 980 3126 ‚Lacuturrenses‘
1001 3043 1145 3126 abiisset,
1168 3064 1230 3131 quo
1254 3047 1466 3132 corruptionis
1484 3062 1588 3133 genere
1637 3032 1638 3087 Ῑ

497 3163 596 3230 etiam
618 3162 813 3235 Columellas
834 3181 946 3227 versus
968 3162 1002 3225 in
1016 3162 1176 3226 nonnullis
1197 3162 1286 3228 libris
1301 3164 1437 3247 laborat,
1461 3182 1587 3249 agram-

497 3280 614 3345 matico
637 3280 743 3365 aliquo
771 3278 856 3344 mele
879 3278 972 3344 docto
995 3278 1036 3343 ad
1068 3286 1172 3344 turres
1201 3300 1301 3366 prope
1327 3282 1505 3346 convallem
1524 3279 1587 3345 Ari·

498 3400 603 3463 cinam
621 3397 699 3461 sitas
710 3397 846 3463 relatum
864 3404 923 3477 est,
946 3395 1032 3460 unde
1048 3415 1139 3461 mons
1152 3397 1287 3463 duarum
1297 3399 1430 3463 turrium
1442 3398 1587 3484 hodieque

419 3576 424 3585 .
498 3515 686 3602 appellatur,
709 3514 750 3579 de
766 3534 828 3600 quo
843 3513 980 3579 Nibbius
993 3516 1025 3579 in
1042 3534 1080 3580 eo
1094 3514 1174 3581 libro
1188 3516 1254 3602 egit
1275 3535 1370 3601 quem
1393 3517 1433 3582 de
1456 3514 1587 3583 suburbi-

498 3634 592 3699 cariis
619 3632 804 3730 regionibus
834 3633 961 3719 scripsit
1005 3633 1147 3714 (Analisi
1160 3681 1187 3701 ..
1211 3634 1262 3698 de'
1283 3634 1422 3699 dintorni
1444 3636 1476 3700 di
1495 3636 1586 3701 Roma

498 3753 523 3816 l.
534 3752 667 3839 psol).
695 3750 801 3837 Atque
822 3749 908 3814 idern
931 3750 1056 3817 videtur
1077 3750 1193 3834 luisse,
1212 3723 1312 3838 ¹quem
1335 3752 1463 3818 saeculo
1485 3775 1515 3841 p.
1536 3750 1584 3815 Oh.

499 3889 529 3933 n.
552 3876 667 3955 quarto
689 3867 830 3935 Plinium
855 3868 1045 3934 emendasse
1073 3875 1106 3933 et
1125 3870 1302 3934 illustrasse
1324 3868 1461 3939 subinde
1482 3870 1586 3935 indica·

498 3987 601 4051 vimus
621 3986 678 4063 (cl.
693 4005 723 4053 n·.
746 3986 901 4065 42116).
924 3987 1055 4051 Minime
1068 3987 1165 4073 igitur
1178 3986 1293 4051 mirum
1306 3986 1391 4073 quod
1409 4008 1491 4073 quae
1502 3985 1585 4052 illeiu

499 4104 873 4189 margineadsoripserat,
890 4104 1056 4169 alibrariis
1067 4104 1100 4167 in
1113 4105 1228 4169 librum
1240 4104 1345 4191 ipsum
1354 4105 1508 4171 translata
1515 4108 1584 4169 sunt.

392 4250 395 4258 ·
498 4218 588 4284 Idem
611 4221 640 4304 ξ.
667 4222 725 4313 lbb
750 4222 782 4285 in
806 4242 844 4287 eo
872 4221 983 4287 codice
1004 4222 1124 4287 lactum
1152 4228 1218 4306 est,
1244 4242 1339 4308 quem
1356 4224 1514 4308 'Apuleius
1540 4240 1584 4285 er·

499 4338 626 4421 cerpsit.
669 4337 733 4402 Ubi
767 4339 985 4423 proverbium,
1019 4320 1120 4404 cuius*
1141 4361 1161 4405 a
1181 4340 1282 4405 Plinio
1310 4340 1430 4407 mentio
1457 4341 1505 4422 fit,
1535 4337 1583 4401 hoc

499 4453 647 4540 exemplo
669 4454 859 4520 illustratur:
882 4468 916 4521 ut
931 4469 1008 4536 puta
1028 4464 1074 4521 ric
1095 4462 1177 4521 ceris
1198 4468 1242 4521 es!
1262 4464 1417 4523 nasturcio
1443 4464 1530 4539 (narn
1549 4457 1584 4518 ita

498 4572 614 4657 corrigi
635 4579 761 4657 oportet
782 4573 901 4638 menda
920 4574 1041 4639 librarii
1059 4585 1151 4655 putas
1172 4582 1205 4640 et
1226 4576 1330 4661 acio)
1354 4576 1530 4659 dimidiato,
1557 4576 1584 4634 ut

499 4688 640 4773 videtur,
672 4710 767 4755 versu
789 4712 808 4755 e
827 4676 997 4766 comoedia
1015 4693 1124 4778 petito.
1167 4692 1265 4758 Aliud
1297 4694 1461 4781 glossema
1488 4697 1515 4779 ᾗ.
1536 4690 1583 4757 lul
