3700 5625
712 563 899 652 ΜΠ.
1297 565 1360 637 raa

257 753 399 839 quantine
416 753 540 839 copula
560 774 631 850 pac,
644 751 732 822 maie
750 753 897 832 adiecta,
919 771 1019 840 quatu
1042 751 1140 821 etiem
1149 753 1195 825 X.
1209 751 1281 820 tra
1299 753 1358 838 de·

253 875 376 941 tendam
399 895 479 943 esse
500 874 698 942 videbimus.
740 873 891 959 Sumpsit
913 874 1001 942 em‘nr
1023 871 1113 940 banc
1132 873 1359 941 narrationem

254 992 371 1060 Plinius
393 995 436 1058 ab
455 991 711 1080 Agatharchide
735 993 783 1058 lt
803 1011 861 1078 up.
874 993 971 1060 Pbot
994 991 1080 1061 Bibi.
1101 991 1176 1074 ἧς),
1191 993 1291 1089 ,cuius
1307 991 1357 1063 ic·

252 1135 318 1179 curn
338 1114 472 1199 plenius
495 1114 676 1198 descripsit
697 1113 870 1182 Diodorus
889 1113 943 1180 111.
955 1113 1010 1180 21.
1057 1112 1176 1199 Neque
1194 1111 1281 1180 enim
1299 1131 1357 1178 res

251 1243 359 1318 gestas
381 1245 511 1306 tantum
533 1234 719 1304 secuudum
741 1246 902 1302 suctores
921 1253 1005 1304 seca
1025 1229 1161 1309 cnarrit
1177 1231 1358 1316 Diodorus,

250 1354 306 1416 sed
331 1352 449 1417 iisdem
475 1352 590 1418 verbis
617 1363 718 1439 atque
743 1351 788 1418 iili
811 1353 858 1419 uti
888 1351 988 1419 solet.
1040 1352 1139 1428 Quod
1166 1351 1358 1417 accuratius

250 1467 320 1533 alibi
344 1469 602 1551 demonstrabo,
634 1489 724 1536 nuno
751 1491 817 1536 nno
847 1480 974 1536 tontum
1003 1470 1160 1555 exemplo
1184 1468 1356 1537 confirmo.

251 1588 353 1663 Quum
387 1588 475 1656 enim
503 1587 564 1654 xl.
582 1587 614 1653 2.
647 1587 947 1674 Carthaginienses
975 1610 1020 1657 ex
1043 1587 1139 1656 italia
1164 1599 1199 1656 et
1221 1589 1358 1676 Liguria

250 1706 362 1783 milites
385 1708 614 1774 mercenarios
645 1707 813 1774 accivisse
841 1705 1075 1792 perbibeutur,
1101 1708 1211 1794 ipsam
1231 1707 1359 1796 Ephori

250 1825 426 1890 orationem
449 1824 649 1909 exscripsit,
686 1845 762 1889 nam
784 1825 891 1912 ipsius
911 1835 1024 1891 aetate
1043 1825 1180 1910 Liguria
1202 1826 1359 1894 abitalia

252 1943 389 2010 discerni
411 1963 479 2007 non
509 1951 651 2028 poterat.
701 1943 751 2006 lta
775 1943 873 2028 igitur
896 1943 987 2028 apud
1009 1939 1191 2008 Diodorum
1213 1943 1359 2031 loquitur

250 2059 533 2147 Agatharchides:
556 2064 588 2130 οἱ
601 2060 635 2130 dt
649 2059 707 2140 mic
719 2059 840 2146 νήσους
853 2063 1078 2141 κατοικοῦντες
1092 2059 1251 2150 βάρβαροι
1271 2062 1357 2132 κατὰ

252 2184 353 2249 τοῦτον
375 2178 433 2249 τὸν
444 2178 560 2268 καιρὸν
580 2177 704 2271 ἧρέμα
724 2177 1015 2268 προςνήχονται
1036 2179 1284 2268 ταῖςχρλῶναις,
1299 2182 1358 2251 ie'.

252 2301 365 2367 leniter
388 2301 562 2366 adnatant.

671 2454 932 2551 m=mn.
1377 2481 1439 2546 m

291 2631 345 2654 .-
363 2592 498 2694 quibua
516 2589 793 2670 inhaerentibus
812 2583 961 2693 plenuor
982 2591 1102 2670 ventis
1123 2592 1275 2670 stetisse
1295 2616 1358 2669 na-

295 2753 379 2806 vem
403 2741 613 2831 portantem
640 2729 893 2808 aPeriaudro
921 2743 963 2809 ut
982 2731 1359 2810 emtrarenturuobi

295 2868 349 2943 les
375 2866 534 2967 pueri,
563 2866 797 2968 conchasque
823 2875 885 2942 rel.

328 3014 508 3103 Vulgatam
527 3018 730 3102 scripturam
753 3019 888 3085 nuntior
909 3018 1129 3084 uPericadro
1149 3036 1237 3105 quae
1258 3039 1279 3085 e
1298 3018 1359 3083 bo·

253 3136 297 3202 nis
317 3136 494 3203 codicibus
511 3134 544 3200 in
558 3132 686 3200 unoR'
698 3136 876 3222 reperitur,
898 3138 1018 3203 merito
1037 3133 1209 3202 Pintiauus
1228 3148 1262 3201 et
1282 3148 1361 3220 post

255 3276 321 3322 eum
341 3256 537 3322 Harduinus
559 3255 730 3343 ceterique
741 3255 814 3322 VV.
825 3255 903 3327 DD.
922 3266 960 3323 ut
974 3256 1146 3343 glossema
1159 3256 1377 3339 reiecerunt,

254 3372 393 3459 Siltigius
426 3384 539 3441 autem
572 3372 681 3439 locum
712 3373 910 3441 lacunosum
942 3394 1022 3440 esse
1052 3385 1148 3439 ratus
1174 3353 1376 3439 Pnioadro'

255 3492 414 3561 Graecum
439 3494 584 3559 dativum
607 3514 686 3559 esse
707 3492 827 3580 voluit,
854 3506 934 3579 post
955 3514 1053 3580 quem
1074 3492 1239 3559 exciderit
1258 3492 1360 3578 parti·

256 3611 366 3695 cipium
381 3612 507 3678 missor.
541 3612 583 3678 At
603 3633 687 3680 vero
707 3634 751 3680 ne
774 3614 976 3701 sicquidem
994 3615 1197 3680 vocabulum
1218 3615 1362 3700 „pueri‘

254 3728 381 3797 babebit
393 3750 460 3817 quo
472 3727 652 3810 referatur,
664 3732 728 3797 nisi
740 3732 905 3797 audacem
917 3734 1152 3801 attractionem
1160 3734 1265 3799 Plinio
1275 3732 1361 3801 velis

255 3850 437 3923 obtrudere.
493 3850 592 3934 Ipsos
623 3852 710 3917 enirn
737 3861 911 3920 uecentos
938 3871 1065 3937 pueros
1094 3850 1308 3937 Corcyraeos
1340 3874 1361 3918 a

256 3968 430 4037 Periandro
450 3969 581 4039 Sardes
601 3969 646 4033 ad
656 3968 826 4055 Alyattem
846 3971 971 4038 missos
992 3990 1100 4051 esse,.
1112 3982 1149 4037 nt
1167 3982 1362 4073 castraren-

257 4097 315 4169 tur,
333 4088 531 4159 ,Herodotus
552 4087 658 4157 refert
679 4088 786 4157 11148
807 4112 880 4177 sqq.
921 4092 1039 4178 ltaque
1058 4091 1273 4162 scribendum
1286 4102 1362 4171 est:

291 4216 475 4293 portuen
494 4230 517 4271 a
539 4206 726 4275 eadmero
746 4215 785 4271 ut
804 4216 1035 4279 caraman
1053 4208 1177 4275 nobiter
1203 4232 1360 4298 pueros.

334 4323 548 4409 Praepositio
565 4325 654 4395 eninr
674 4346 717 4406 e„
728 4344 817 4410 quae
836 4346 923 4394 sene
945 4327 979 4393 in
994 4330 1129 4412 optimis
1140 4328 1234 4398 libris
1252 4332 1364 4415 deest,

261 4439 382 4511 britius
400 4443 533 4515 videtur
553 4442 685 4513 restitui
697 4459 806 4528 rqrram
826 4453 931 4515 wturn
951 4444 1151 4515 vocabulum
1176 4448 1291 4516 nitor
1315 4450 1363 4518 io·

263 4562 332 4631 neri.
389 4561 494 4650 §.db
527 4561 671 4650 primus,
703 4562 739 4632 ni
759 4561 877 4643 failor,
905 4563 1057 4649 Sidicina
1083 4587 1228 4652 pravam
1259 4570 1363 4641 inter-
