3700 5625
717 740 810 816 liner
828 740 920 834 ΧζΧ.
1327 699 1368 818 id

283 955 312 998 re
331 933 424 998 dubia
443 933 540 1003 fidem
560 933 744 1003 habendam
766 954 839 1002 esee
857 932 1163 1016 demonstravimus,
1185 951 1289 1020 neque
1312 931 1368 998 du·

207 1040 208 1131 }
284 1051 439 1124 bitabimue
462 1053 539 1139 quin
560 1053 589 1137 §.
610 1052 704 1121 eece
732 1057 820 1118 terto
846 1056 960 1120 remisit
993 1056 1025 1116 el
1054 1056 1190 1118 saturica
1212 1050 1368 1136 legemus.
1496 1075 1498 1080 ·

207 1238 208 1241 ,
283 1170 307 1259 fi.
325 1169 362 1235 52
380 1168 548 1236 Pintienue
576 1175 664 1236 recle
693 1169 839 1237 voculam
877 1153 930 1240 ae'
950 1175 1024 1235 ente
1054 1173 1197 1248 sabuloso
1226 1166 1369 1240 insanit.

284 1287 307 1373 ᾗ.
325 1285 370 1354 53.
391 1285 488 1352 Ianus
510 1286 593 1352 bene
614 1291 742 1352 medulla
763 1286 900 1374 scripsit.

712 1490 926 1578 55=4‚19.
1391 1493 1454 1566 392

323 1615 493 1696 Servatur
519 1617 625 1718 algor
650 1618 815 1696 aestibus
842 1583 1149 1720 excogitaturque
1177 1623 1216 1694 ut
1242 1614 1370 1694 alienis

207 1732 208 1819 f
322 1750 507 1830 mensibus
533 1751 595 1828 nix
620 1750 755 1851 algeat.

271 1872 277 1882 ⁶
338 1859 485 1949 Ferende
508 1882 668 1948 videretur
688 1883 825 1949 molesta
847 1882 991 1950 eiusdem
1013 1883 1080 1948 fere
1101 1882 1190 1950 vocis
1213 1880 1372 1966 repetitio,

281 1996 355 2065 siin
382 1999 546 2072 codicibus
571 2001 773 2091 reperiretur.
818 2000 924 2077 Quum
957 2021 1033 2068 vero
1066 2005 1196 2081 adsue,
1225 2020 1244 2063 e
1272 2003 1372 2077 tenura

282 2115 409 2199 dlteore
432 2117 620 2193 exhibeant,
652 2118 835 2184 necessario
860 2116 1063 2182 scribendum
1088 2119 1154 2183 est:

209 2296 210 2299 ,
314 2246 447 2306 ematur
468 2236 597 2316 liquor
617 2241 749 2301 uestibus
770 2235 826 2302 rel.

714 2422 761 2493 56
774 2418 926 2506 =4,19.
1394 2423 1456 2493 393

269 2569 273 2579 ’
320 2549 432 2627 Nemo
459 2570 587 2625 sacros
615 2548 899 2649 Aventinosque
920 2553 1066 2628 montes
1094 2546 1269 2658 etlirata'e
1294 2541 1374 2654 ple-

321 2683 377 2761 bis
403 2703 580 2760 secessus
601 2681 920 2785 circumspexerit:
948 2705 1035 2763 mox
1062 2680 1159 2761 enim
1186 2687 1286 2761 certe
1312 2669 1376 2756 aenx

321 2817 446 2916 quebit
471 2838 568 2916 quos
592 2815 751 2916 pecunia
777 2816 1016 2916 separaverit.
1066 2813 1204 2914 Itaque,
1231 2810 1375 2914 ¹Hercu·

320 2948 391 3040 les,
431 2947 572 3025 nullum
597 2947 742 3025 macelli
779 2947 942 3049 vectigal
973 2948 1091 3025 maius
1127 2946 1195 3024 fuit
1232 2945 1374 3023 Romae

322 3079 482 3159 elamore
507 3078 628 3180 plebis
652 3079 855 3159 incusantis
892 3080 993 3182 apud
1019 3102 1149 3157 omnes
1175 3078 1373 3179 principes,

322 3214 442 3292 donec
468 3213 660 3290 remissurn
688 3219 744 3291 est
768 3190 971 3314 portorium
989 3212 1121 3290 mercis
1137 3210 1246 3287 huius
1274 3232 1375 3287 com-

323 3353 541 3447 pertumque
566 3369 641 3423 non
667 3346 772 3426 aliter
792 3348 1054 3447 quaestuosius
1070 3368 1220 3423 censum
1246 3340 1374 3420 haberi

322 3487 381 3557 aut
405 3478 520 3557 tutius
546 3502 591 3556 ac
616 3480 756 3557 minore
782 3479 951 3560 fortunae
978 3480 1068 3571 iure,
1096 3502 1179 3557 eum
1204 3476 1376 3555 credatur

323 3611 450 3710 pensio
491 3634 536 3689 ea
568 3634 790 3712 pauperum3
827 3612 922 3691 isin
949 3611 1030 3691 solo
1070 3633 1230 3711 sponsor
1256 3617 1312 3686 est
1339 3613 1376 3685 et

323 3743 480 3826 subdio
506 3744 647 3828 reditus
680 3745 972 3846 superficiesque
1008 3743 1113 3823 caelo
1140 3730 1376 3842 quocumque

323 3876 536 3975 gaudens.

355 4007 421 4073 Sili.
444 4008 527 4074 bene
559 4007 599 4073 de
621 4008 692 4073 loeo
714 4008 898 4074 difficillimo
931 4009 1063 4090 monuit,
1099 4029 1171 4081 eum
1193 4012 1377 4093 corruptum

284 4141 346 4193 esse
368 4125 603 4201 demonstraret
624 4146 728 4212 ecque
742 4127 841 4192 verba
851 4146 935 4213 quae
949 4126 1172 4193 emendatione
1184 4124 1376 4209 indigerent,

285 4237 473 4327 designaret5
516 4262 592 4309 nem
632 4242 732 4309 lanus
775 4244 829 4329 qui
870 4245 961 4310 verbi
1010 4248 1154 4325 aequauit
1196 4244 1377 4311 subiectum

285 4357 359 4439 quod
378 4359 412 4424 in
434 4377 532 4423 sensu
558 4361 704 4447 proximo
727 4361 890 4447 superiore
912 4361 1028 4447 legitur
1056 4365 1152 4425 herba
1172 4381 1245 4430 esee
1266 4360 1378 4443 voluit,

286 4464 351 4558 quid
377 4475 509 4542 tandem
525 4463 651 4542 dixisse
682 4478 712 4544 ei
733 4477 896 4544 videretur
916 4478 1054 4562 Plinius,
1097 4498 1163 4545 non
1192 4477 1376 4548 declaravit.

207 4609 208 4612 ¹
286 4587 318 4652 ld
336 4612 459 4687 queque
472 4593 647 4679 'praeclare
669 4615 690 4658 e
710 4594 777 4664 sill.
800 4594 919 4661 fautum
944 4601 993 4661 eet
1024 4596 1110 4681 quod
1133 4601 1207 4661 ente
1235 4616 1300 4664 eum
1321 4616 1376 4661 vo·

207 4715 208 4732 ²
286 4708 378 4785 culam
398 4734 488 4795 quam
510 4711 668 4778 excidisse
690 4712 777 4780 vidit.
823 4712 942 4779 Oetere
962 4733 1045 4800 quae
1066 4713 1216 4796 tentavit,
1252 4713 1378 4789 bepee
