3700 5625
653 623 655 629 v
688 583 790 654 tuor
812 585 925 662 VIII.¹
1303 585 1365 653 lta

269 777 340 840 baro
364 773 523 860 pendent,
552 773 653 840 velati
673 774 848 842 Benedicti
875 770 1021 840 editione
1038 775 1222 858 reperitur.
1265 775 1369 849 Quae

267 903 362 958 autern
386 894 484 980 vulgo
509 895 666 979 leguntur
692 897 798 961 verba
828 915 890 959 uec
916 895 984 960 atri
1007 895 1149 981 apuliam
1178 892 1365 959 incubitant

266 1013 389 1078 laxitate
415 1026 449 1080 at
477 1035 498 1080 a
519 1017 615 1080 banis
641 1015 812 1083 codicibus
834 1014 1017 1080 abhorrent
1045 1024 1090 1079 ct·
1107 1012 1183 1078 usai
1202 1011 1361 1098 loquendi

264 1147 446 1220 repugnant.
497 1135 614 1200 Verba
633 1135 722 1199 enirn
741 1134 932 1212 „incubare
940 1139 963 1174 ‘⁶
994 1143 1029 1196 et
1051 1129 1259 1196 rarissimam
1282 1130 1360 1208 „in-

264 1254 425 1318 cubitare“
447 1253 492 1319 ita
515 1263 639 1317 tanturn
658 1249 794 1337 intelligi
817 1262 976 1335 possent,
1005 1261 1042 1314 at
1062 1267 1168 1332 supra
1188 1245 1359 1314 laxitatem

264 1372 372 1436 cubare
396 1372 589 1436 dicerentur
610 1369 708 1450 asini,
727 1387 813 1455 quae
834 1379 946 1464 tamen
968 1389 1032 1453 pro
1053 1367 1142 1433 lecta
1156 1366 1230 1431 sive
1250 1376 1358 1432 strata

262 1493 306 1557 vix
325 1491 376 1558 vel
399 1492 444 1557 ab
465 1491 690 1556 audacissima
713 1489 1139 1574 scriptoreusarparetar.
1195 1488 1358 1574 Silligiunr

261 1621 356 1675 autern
377 1632 464 1698 quae
483 1611 517 1675 in
529 1620 728 1676 contextum
750 1610 929 1675 verborum
943 1609 1083 1694 recepit,
1105 1629 1168 1693 pra
1180 1610 1359 1695 verisger·

262 1730 418 1815 uenisque
442 1727 540 1792 Plinii
565 1727 679 1793 verbis
707 1747 752 1792 na
777 1727 885 1811 ipsurn
908 1726 1041 1812 quidem
1062 1725 1190 1793 habere
1212 1726 1357 1808 ceadda,

261 1869 344 1931 qnam
369 1848 459 1914 omni
488 1865 590 1913 sensu
615 1846 681 1912 sint
707 1846 873 1910 destituta.
927 1845 1037 1921 Quurn
1063 1865 1147 1911 vero
1174 1859 1208 1913 ct
1236 1847 1358 1911 codd

260 1963 418 2049 aaudiat,
448 1975 483 2030 et
505 1963 662 2030 disertius
683 1965 783 2028 etiam
810 1963 842 2028 R
867 1961 1025 2030 exhibeat
1051 1963 1218 2042 tamilla,
1243 1965 1359 2050 quidni

260 2105 313 2149 una
329 2084 474 2150 litterula
493 2093 619 2148 mutata
639 2081 826 2147 scribamus
1461 2054 1466 2065 ’

458 2221 519 2264 acc
539 2200 607 2263 uisi
626 2200 768 2286 spatiata
789 2199 825 2263 'iu
846 2197 983 2262 cubitu
1002 2198 1141 2280 laxitas,

258 2319 437 2387 haasensu:
460 2320 590 2403 „asinis
608 2340 707 2404 quum
721 2319 887 2384 dormiunt
907 2331 1040 2385 vastam
1062 2320 1354 2406 tantamspatiam

259 2453 301 2504 est
318 2443 336 2506 i.
350 2463 377 2508 e.
393 2433 572 2524 ¹satis'est‚
601 2437 761 2505 sufficit.“
817 2438 1006 2505 Lacutiane
1035 2450 1145 2508 autern
1175 2439 1354 2523 „spatiosa

258 2558 384 2626 laxitas“
401 2561 540 2645 saepias
562 2558 663 2623 utitur
684 2556 821 2636 Plinius,
846 2555 948 2622 veluti
959 2557 998 2622 ll.
1011 2555 1085 2637 218,
1099 2557 1155 2623 Xl.
1172 2555 1246 2626 1⁰9.

655 2725 931 2823 209251,77.
1371 2744 1432 2811 187

297 2864 500 2941 Adhibetur
533 2875 572 2941 et
596 2890 657 2941 ars
683 2863 800 2941 iecori
825 2864 1044 2939 feminarum
1077 2864 1227 2965 (auam)
1255 2862 1352 2939 sicut

298 3026 476 3097 anserum,
501 3003 690 3081 inventum
716 3002 769 3080 Μ.
792 3000 915 3102 Apici,
943 3001 1017 3077 fico
1044 3001 1147 3076 arida
1176 2999 1351 3102 saginatis

298 3162 343 3215 ac
367 3139 507 3234 satie,
533 3138 674 3215 necatis
699 3146 856 3238 repente
884 3135 992 3212 mulsi
1018 3146 1110 3237 potu
1133 3135 1231 3212 data.

327 3274 481 3340 Evariis
514 3293 601 3359 quae
634 3273 676 3337 ed
711 3270 802 3337 hunc
833 3271 944 3339 lacurn
978 3271 1131 3356 prolatae
1160 3282 1238 3335 sunt
1267 3290 1350 3337 con·

258 3386 376 3457 iacturis
404 3362 472 3457 nna
500 3389 642 3457 Barbari
681 3390 778 3473 (narn
809 3389 1005 3453 cauiectura
1037 3410 1118 3454 usus
1152 3409 1231 3454 esse
1256 3389 1350 3455 vidc-

258 3517 315 3589 tur,
336 3534 433 3598 quum
455 3513 606 3576 satietate
626 3508 759 3595 quidem
781 3509 879 3573 etiam
901 3510 933 3573 in
946 3507 998 3572 Td
1018 3507 1164 3595 legatur,
1185 3508 1246 3573 sed
1270 3530 1291 3570 a
1314 3508 1348 3573 in

257 3622 435 3710 dantum,
466 3632 499 3695 id
526 3641 578 3695 est
603 3629 643 3695 in'
665 3628 789 3695 Vetere
818 3626 1042 3713 Dalccampii,
1078 3650 1145 3715 qna
1169 3630 1244 3713 ipsa
1271 3628 1304 3694 h.
1327 3627 1347 3692 Ι.

258 3740 380 3811 Barbari
402 3747 503 3814 lectio
526 3746 750 3831 significatur)
776 3766 797 3809 a
816 3748 969 3817 satietate
987 3748 1022 3811 id
1043 3759 1096 3813 est
1122 3760 1228 3833 „past
1248 3749 1349 3813 satie·

258 3870 365 3927 tatern“
387 3866 571 3951 probabilis
590 3866 793 3951 appellantia
811 3880 879 3944 est·
908 3866 1074 3951 Displicet
1094 3878 1203 3933 tamen
1226 3866 1348 3933 violen-

258 3978 294 4043 tia
311 3996 507 4065 structurae,
527 4005 596 4071 qua
614 4004 681 4063 pax
703 3991 835 4070 repente
856 3984 923 4050 alia
944 3986 1120 4054 interiecta
1140 3989 1183 4052 ab
1200 3986 1348 4076 ablativa

259 4116 338 4183 casu,
360 4124 433 4168 curn
457 4124 522 4188 qua
545 4113 655 4167 tamen
677 4102 843 4166 artissime
867 4102 1028 4169 cohaeret
1036 4150 1048 4185 ,
1070 4105 1241 4174 dirimitur.
1284 4104 1349 4169 Fa·

258 4214 336 4284 cilius
358 4231 391 4287 et
412 4195 615 4305 elegantius,'
632 4220 763 4303 opinor,
786 4220 970 4286 scribatur:

681 4337 732 4402 ad
757 4340 907 4403 satiem.

295 4452 543 4526 Varacissinrnm
567 4459 653 4524 eninr
674 4457 795 4523 anirnal
814 4478 880 4524 non
900 4458 934 4524 vi
956 4460 1110 4545 quadarn,
1132 4462 1230 4527 sicuti
1251 4482 1349 4528 anse-

262 4591 320 4653 res,
341 4578 381 4643 ad
399 4578 528 4645 fartilia·
543 4578 772 4645 consumenda
795 4582 881 4665 opas
903 4591 977 4645 erut
1001 4589 1039 4645 at
1061 4582 1265 4668 adigeretur,
1287 4583 1348 4649 sed
