3700 5625
704 591 809 660 zita
828 593 906 660 XV.
1301 590 1361 658 187

304 783 410 884 cipue
435 809 486 860 ex
508 783 711 860 immaturis
738 783 1063 882 intelligimus,
1092 781 1188 857 sicut
1210 781 1257 856 de
1284 806 1360 857 om-

196 912 200 947 *
303 921 432 1020 phacio
458 917 664 996 docuimus.

196 1148 199 1181 3
333 1091 483 1156 Verbum
512 1091 719 1180 intelllpr'mas
740 1095 887 1178 ineptum
912 1103 980 1177 est,
1005 1109 1082 1157 nam
1106 1091 1214 1157 oleum
1242 1110 1360 1155 sucum

196 1270 200 1305 r
258 1227 328 1275 esse
347 1208 457 1277 olivae
481 1211 618 1275 maturis
641 1211 768 1295 pariter
787 1211 882 1276 bacis
905 1223 1005 1296 atque
1029 1208 1229 1286 immaturis,
1260 1229 1360 1294 quum

197 1388 199 1391 .
257 1343 457 1414 premuntur,
473 1326 673 1414 intelligitur,
696 1329 947 1415 orationemque
964 1347 1114 1394 mancam
1127 1328 1236 1395 reddit
1249 1338 1283 1393 et
1304 1328 1360 1392 im·

258 1448 449 1532 perfectam,
471 1469 571 1534 quum
593 1449 798 1533 praepositio
819 1469 863 1510 ex
882 1445 971 1512 aliud
994 1445 1149 1530 postulet.
1180 1445 1229 1512 lio
1249 1456 1360 1512 autem

197 1629 199 1635 ,
258 1567 326 1631 loco
338 1567 382 1631 ad
395 1587 495 1653 quem
514 1566 675 1632 lectorem
694 1563 799 1631 refert
815 1563 950 1645 Plinius,
972 1565 1130 1650 x11,130,
1150 1566 1359 1650 omphacium

197 1776 198 1781 γ
258 1685 327 1751 alba
347 1687 424 1752 olea
447 1698 482 1750 et
502 1689 631 1771 druppa
653 1687 792 1772 exprimi
814 1687 966 1772 traditur,
988 1698 1023 1752 ut
1039 1685 1360 1770 praestantissimum

258 1805 358 1870 oleum
381 1827 403 1870 e
423 1807 531 1870 cruda
552 1805 640 1870 olivo
662 1804 832 1889 profluere
853 1825 959 1890 supra
981 1806 1012 1892 §.
1025 1805 1055 1868 5.
1077 1815 1243 1872 narratur.
1269 1803 1358 1869 Scri·

257 1927 393 1990 bendum
415 1937 470 1990 est
491 1923 606 2008 igitur:

682 2003 920 2094 colligimus,

197 2180 198 2183 η
258 2125 379 2213 syllaba
402 2129 438 2190 in
463 2130 648 2212 eproximo
664 2126 828 2193 vocabulo
850 2128 1035 2190 immaturis
1056 2124 1287 2209 intempestive
1309 2145 1359 2190 re·
1428 2107 1433 2118 ¹

258 2248 353 2329 petita
376 2258 581 2330 corruptum.

674 2439 693 2508 l
705 2438 718 2507 l
740 2471 774 2501 =
787 2433 935 2510 ibidem.
1029 2459 1033 2466 '
1377 2468 1447 2532 245¹

303 2571 448 2648 omnino
467 2571 576 2664 enim,
599 2580 640 2645 ut
652 2570 914 2670 'l'heophrasto
927 2572 1061 2670 placet,
1089 2580 1133 2646 et
1158 2572 1232 2647 olei
1249 2591 1360 2646 causa

197 2698 199 2704 ⁸
304 2711 479 2802 calores,
507 2731 622 2807 quare
648 2715 710 2781 rel.

335 2882 451 2947 Talem
481 2880 631 2964 Silligius
660 2855 773 2945 locum
805 2881 953 2946 exhibuit
978 2882 1154 2946 antea'ita
1185 2883 1359 2966 scriptum:

260 3009 303 3062 est
314 2999 374 3063 olei
387 3018 489 3062 causa
506 2997 603 3063 calor.
635 2997 781 3063 Codices
795 3011 904 3064 autem
920 2997 984 3064 has
995 3000 1156 3065 lectiones
1168 2999 1309 3065 habenta
1329 3008 1362 3063 ct

260 3116 316 3195 aD,
336 3119 432 3183 deest
454 3117 485 3180 in
507 3114 569 3200 Td,
591 3115 682 3180 calor
702 3135 734 3194 a,
757 3114 880 3180 calores
902 3114 943 3200 D,
965 3115 1055 3179 calor
1075 3125 1125 3180 cst
1145 3114 1204 3183 Τὰ.
1233 3117 1275 3181 Et
1291 3118 1361 3181 sin-

261 3236 357 3319 gulari
378 3236 514 3340 quidem
534 3234 790 3318 Theophrastus
810 3234 912 3299 utitur
934 3232 985 3299 De
1007 3252 1099 3301 caus.
1109 3234 1211 3319 plant.
1230 3236 1254 3300 l.
1269 3234 1320 3299 19.
1330 3236 1360 3299 4.

263 3354 398 3437 pnivssac
429 3347 546 3435 crin-ip
575 3356 633 3421 rofi
661 3358 787 3442 θερμοῦ
813 3355 911 3440 φύσις
945 3362 1151 3443 δημιουργεῖν
1179 3356 1214 3422 ad
1243 3348 1359 3423 ἔλαιον.

197 3539 198 3544 ,
263 3475 366 3561 ltaque
388 3476 480 3558 apud
504 3459 639 3539 Plinium
661 3476 886 3539 restituendus
908 3484 960 3540 cst
983 3474 1092 3541 deleta
1116 3474 1257 3540 molesta
1276 3492 1361 3539 voce

197 3573 198 3580 ἵ
264 3600 423 3678 atquem,
444 3594 473 3655 si
495 3595 530 3656 in
553 3593 705 3656 omuibus
728 3591 819 3656 libris
839 3594 1059 3677 reperiretur,
1083 3592 1256 3659 ferendam
1276 3612 1362 3658 sana
1400 3602 1403 3607 “

197 3711 198 3714 ’
263 3712 488 3790 concederem,
508 3728 599 3773 nuno
619 3711 652 3773 in
675 3711 872 3794 quibusdam
895 3730 938 3774 ex
961 3709 1075 3775 ultima
1100 3714 1240 3796 proximi
1261 3733 1361 3777 voca·

262 3828 321 3893 buli
345 3828 455 3915 planet
483 3828 615 3914 syllaba
644 3831 816 3914 repetitam
846 3851 925 3896 esse
959 3833 1137 3899 contendo.
1187 3833 1361 3898 scribatur

262 3949 350 4033 igitur
371 3959 528 4033 oportctz

510 4066 627 4152 placet,
646 4066 709 4130 olei
726 4086 828 4129 consa
848 4066 940 4131 calor
960 4077 1019 4131 cst
1040 4068 1100 4133 rel.

196 4213 199 4286 l
334 4220 366 4306 §.
380 4220 433 4283 la.
459 4216 595 4302 vulgata
616 4228 648 4282 ct
676 4219 851 4303 probanda
864 4257 866 4260 -
881 4221 1028 4301 videtur,
1059 4224 1137 4287 item
1159 4222 1189 4309 §.
1210 4220 1263 4286 nt.
1293 4244 1361 4286 assa

261 4332 338 4401 falso
353 4358 375 4401 a
389 4336 518 4420 Silligio
530 4339 700 4423 insertum,
719 4340 751 4425 ᾗ.
763 4336 815 4403 69.
836 4352 929 4405 recte
951 4342 1041 4406 haud
1064 4344 1162 4408 dubie
1182 4342 1360 4409 Dalecam·

261 4455 327 4538 pius
348 4478 411 4541 pro
433 4456 672 4521 callistruthiae
690 4481 809 4544 parum
836 4460 916 4545 legit
937 4460 1174 4526 callistruthiae
1194 4458 1285 4525 baad
1303 4484 1360 4547 po·

263 4589 341 4652 mm,
364 4570 408 4640 cl.
421 4572 543 4640 Athen.
556 4574 610 4640 lll.
623 4596 653 4659 p.
668 4574 719 4641 75.
739 4598 769 4641 e.
818 4577 955 4644 Litteris
976 4578 1062 4643 eninr
1085 4578 1161 4643 hiae
1180 4600 1248 4646 vox
1270 4578 1360 4644 barad

265 4688 413 4774 absorpta
438 4689 509 4756 suit.

197 4515 198 4524 r

196 4527 198 4541 l
