3700 5625
717 571 820 671 uon}
840 603 906 672 rr.
1308 605 1371 676 roo

256 794 375 882 prium,
395 793 515 879 optimi
534 793 632 860 codd.
656 791 741 860 li'l'd
763 791 934 880 aliquanto
954 789 1109 875 apertius
1128 787 1370 858 demonstrant.

256 916 414 982 Scribant
436 915 524 981 enim
553 911 742 1001 Uipoundo,
762 911 854 978 baud
876 909 977 977 dubie
999 909 1235 998 corrigendum
1256 907 1291 974 in
1312 905 1371 972 Vo-

254 1035 381 1123 panta,
406 1032 577 1121 quomodo
590 1029 703 1097 111.10.
727 1029 961 1114 prolletandu
980 1032 1014 1096 in
1034 1029 1371 1097 coddooribiturlle·
1489 1052 1493 1058 ·

257 1160 355 1232 tuma,
368 1150 871 1242 Detumodleoumoplleeuooo.
902 1148 1099 1234 Vipsanium
1121 1149 1208 1214 enim
1228 1148 1370 1214 eandem

256 1270 423 1354 porticum
445 1269 523 1344 dici,
551 1285 639 1354 quae
659 1287 681 1332 a
702 1265 787 1334 Polo
807 1267 854 1334 Μ.
874 1267 1050 1352 Agrippae
1069 1288 1190 1336 sorore
1211 1265 1371 1334 inchoata

257 1401 287 1454 et
311 1390 355 1454 ab
387 1388 548 1475 Augusto
577 1396 718 1472 peraeta
748 1386 866 1452 orbem
892 1385 1016 1472 pictum
1046 1388 1121 1453 urbi
1147 1389 1371 1474 spectandum

255 1508 471 1594 proposuerit
494 1505 554 1592 (cl.
570 1505 654 1571 Plin.
670 1503 724 1571 lll.
734 1503 784 1583 17,
802 1503 867 1571 Dio
881 1502 983 1575 Gaas.
998 1505 1074 1576 LV.
1086 1504 1137 1591 8),
1156 1509 1223 1573 iam
1239 1507 1370 1574 Becke-

256 1649 308 1694 rus
328 1627 412 1693 Ant.
427 1625 528 1693 Rom.
544 1623 608 1692 rol.
619 1623 644 1692 1.
664 1645 699 1709 p.
711 1622 788 1694 397.
810 1623 1029 1708 probabiliter
1049 1625 1252 1692 coniecerat
1293 1626 1372 1702 Qua

258 1747 491 1812 emendatione
514 1753 654 1828 recepto¹
674 1741 772 1808 aliter
792 1742 898 1808 verba
916 1743 1201 1831 interpungantur
1225 1755 1371 1831 oportet.

256 1866 557 1932 Demonstraturus
579 1863 664 1929 enim
681 1861 818 1948 Plinius,
831 1881 931 1948 quam
949 1860 1104 1928 celeriter
1119 1875 1233 1930 terrae
1252 1868 1287 1930 iu
1306 1864 1371 1932 illia

257 1985 450 2070 regionibus
464 1981 634 2052 fluminum
648 1980 829 2048 alllovione
842 2001 1004 2048 crescere
1019 1979 1160 2063 soleant,
1183 1981 1370 2051 Characem

258 2103 413 2189 oppidum
428 2105 516 2168 intra
531 2123 661 2188 paucos
682 2101 791 2166 annos
813 2099 912 2186 longe
932 2102 1054 2167 amari
1075 2103 1201 2168 distare
1213 2103 1370 2190 coepisse

258 2225 413 2302 narravit,
436 2243 537 2308 quum
559 2233 659 2286 antea
681 2221 876 2286 maritimum
897 2219 1031 2287 luisset.
1053 2221 1371 2296 Qonmenimautea

260 2342 345 2426 (nam
367 2341 404 2407 id
427 2351 481 2406 est
500 2337 621 2428 prium),
641 2339 796 2427 Agrippa
810 2341 844 2406 in
852 2339 938 2406 Asia
958 2360 1064 2427 usque
1086 2341 1130 2405 ad
1149 2340 1369 2412 anccxnt.

260 2472 486 2526 commoratus
501 2462 583 2526 mari
594 2461 825 2562 vicinomesse
844 2460 1078 2544 comperisset,
1089 2459 1264 2527 duodecim
1273 2461 1370 2527 annia

261 2591 330 2662 post
351 2601 456 2666 quum
476 2579 556 2644 luba
579 2577 616 2646 C.
630 2577 771 2646 Caesari
792 2581 825 2644 in
845 2578 962 2647 Asiam
984 2576 1198 2648 aDGCLlll.
1219 2579 1371 2666 proficis

262 2698 339 2762 centi
362 2698 516 2764 Arabiae
538 2699 699 2786 sinusque
724 2697 850 2763 Persici
871 2717 965 2763 oram
987 2698 1207 2778 describeret,
1227 2699 1256 2764 L
1278 2699 1314 2765 Μ
1334 2724 1368 2786 p.

263 2818 398 2885 olitore
425 2816 591 2897 abfuisse,
625 2839 715 2884 nuno
742 2814 838 2884 CXX
862 2818 997 2884 obesse.
1048 2816 1102 2882 Ne
1129 2831 1239 2884 autem
1267 2821 1372 2897 verba

264 2937 376 3014 „etiam
392 2936 479 3002 rel.“
502 2935 597 3001 nimis
620 2938 763 3024 abrupte
785 2936 1041 3023 interponantur
1063 2950 1096 3005 et
1111 2938 1269 3024 oppidum
1282 2941 1373 3025 quod

265 3055 364 3143 aliquo
395 3064 490 3121 certe
509 3054 588 3119 licet
617 3055 815 3121 brevissimo
844 3054 1020 3123 intervallo
1045 3076 1068 3121 a
1095 3054 1194 3123 litore
1219 3059 1372 3144 separari

265 3176 408 3255 traditur,
429 3183 488 3238 aut
499 3172 672 3259 superflua
693 3186 750 3240 aut
766 3175 913 3240 discordi
930 3175 1122 3241 narratione
1136 3176 1170 3241 io
1190 3176 1373 3261 ipsolitorc

265 3294 403 3377 positum
426 3311 506 3357 esse
527 3292 698 3379 videatur,
727 3295 774 3361 ita
793 3294 1064 3381 interpungenda
1083 3304 1163 3360 sunt
1183 3295 1288 3360 verba
1310 3296 1373 3362 Pli-

266 3413 318 3493 nii,
347 3425 384 3479 ut
405 3411 532 3477 initium
555 3413 714 3477 enuntiati
734 3413 771 3479 id
793 3424 926 3500 tempus
948 3410 1104 3499 spect'et,
1125 3434 1191 3499 quo
1212 3415 1295 3481 laba
1315 3437 1373 3483 au·

268 3540 351 3598 etore
374 3532 518 3597 Pasines
541 3530 699 3617 oppidum
720 3534 875 3601 restitnit.
924 3533 1039 3600 labam
1061 3535 1147 3600 enim
1170 3535 1203 3600 in
1223 3536 1265 3602 iis
1286 3556 1373 3623 qnae

267 3650 356 3715 nodo
379 3651 677 3730 commemorabat,
696 3672 735 3718 oe
757 3654 854 3740 aequi
876 3652 1002 3719 anius
1021 3653 1096 3740 ipse
1116 3663 1268 3721 testatur.
1295 3655 1374 3730 Qui·

268 3766 321 3833 bus
339 3768 477 3834 additor
496 3766 586 3833 aliud
607 3782 857 3855 argumentum:
880 3773 981 3838 etiam
1001 3773 1035 3837 in
1057 3772 1190 3857 porticu
1198 3773 1373 3859 Agrippae

269 3889 455 3953 maritimam
479 3887 597 3953 urbem
620 3886 781 3957 exbiberi.
834 3890 1055 3957 Scribendum
1078 3901 1132 3957 est
1151 3891 1267 3975 igitur:
1393 3882 1396 3888 ’

304 4004 402 4070 Priora
421 4000 487 4091 fnit
507 4026 529 4067 o
548 4004 644 4069 litore
662 4006 773 4073 studio
796 4008 834 4073 X
851 4009 920 4094 (oc.
933 4010 1066 4077 Pas-iuis
1085 4010 1215 4094 aetate)
1236 4044 1281 4059 -
1302 4030 1373 4072 mo·

304 4125 448 4188 minam
470 4125 592 4188 etium
617 4124 817 4214 Vipsania
835 4130 980 4215 portiom
1000 4127 1098 4195 babel
1120 4164 1160 4177 -
1188 4126 1278 4193 Iulo
1294 4150 1373 4195 vero

304 4242 460 4326 prodente
479 4242 541 4309 rel.

345 4361 533 4428 Genitivum
547 4363 668 4429 delude
680 4365 783 4429 morio
799 4365 992 4448 scripturae
1011 4364 1140 4451 volgari
1158 4367 1261 4456 mopio
1272 4386 1373 4452 qnam

273 4494 288 4540 e
308 4480 476 4547 codicibus
505 4493 542 4548 ut
566 4482 699 4549 videtur
723 4481 933 4569 interpolatis
960 4487 1084 4553 vetusti
1111 4486 1259 4553 editores
1278 4506 1372 4553 rece·

271 4610 398 4681 perum,
426 4622 469 4669 ex
499 4601 633 4687 optimis
659 4601 753 4670 libris
777 4612 872 4671 recte
898 4602 1056 4689 praetulit
1076 4603 1238 4691 Silligius.
1280 4603 1372 4671 ldem
