3700 5625
478 731 521 813 70
931 730 1025 804 too
1037 729 1130 798 rrr.

561 924 615 990 Sic
637 924 703 992 Sill.
726 927 827 1004 trs-ac
847 929 895 990 tis
915 928 1002 1006 Hisp.
1026 944 1098 990 cum
1120 924 1183 990 Td
1203 926 1275 1014 larg
1291 922 1389 1012 Apud
1411 922 1565 1010 Apuleium
1644 991 1645 1004 p

478 1042 597 1130 legitur
626 1046 688 1108 Sed
714 1047 745 1105 tn
768 1045 935 1125 Hispania,
962 1047 1004 1108 Et
1030 1046 1115 1122 Hisp.
1143 1042 1176 1108 in
1199 1062 1235 1124 a,
1269 1047 1309 1108 Et
1330 1046 1375 1107 cd
1390 1045 1470 1120 Hice.
1490 1040 1521 1104 in
1539 1060 1566 1122 c;
1644 1017 1645 1028 l

480 1157 682 1234 scribendum
713 1165 776 1224 est:
805 1164 925 1223 Sedet
951 1163 1097 1240 Hispania
1126 1158 1181 1226 rel.
1224 1160 1262 1222 In
1283 1157 1435 1244 proximis
1455 1155 1568 1222 codices

481 1296 583 1362 aeque
603 1275 745 1342 renent:
764 1282 964 1356 praecipuum
984 1275 1067 1359 scd,
1086 1282 1254 1360 praecipua
1275 1275 1401 1342 Thueu.
1423 1273 1514 1359 Apul.
1529 1273 1567 1338 le

396 1385 403 1398 ’
482 1382 571 1481 gunt,
587 1398 787 1475 promptum
808 1393 923 1460 nullus.
967 1394 1111 1482 Apparet
1131 1393 1228 1480 igitur
1245 1399 1416 1476 praecipua
1435 1411 1506 1456 cum
1523 1411 1569 1454 ca·

438 1509 442 1514 ’
481 1521 550 1576 turc
571 1508 730 1598 coniungi

853 1767 862 1784 ’
939 1763 1125 1853 19:13.

398 1994 462 2066 384
534 1925 802 2022 (asbestinum)
833 1927 997 2007 nascitur
1022 1928 1059 2005 in
1086 1929 1243 2006 desertis
1269 1927 1486 2028 adustisque
1502 1923 1573 2003 sole

533 2058 671 2137 lndiee.

430 2240 434 2246 .
564 2191 616 2257 Ita
635 2187 732 2276 vulgo
760 2190 838 2256 setis
859 2192 1067 2278 inconcinne,
1111 2214 1183 2258 cum
1204 2193 1373 2282 genetivus
1401 2191 1441 2257 ab
1463 2211 1501 2255 eo
1527 2209 1574 2254 vo·
1645 2189 1646 2212 ¹

483 2307 597 2374 cabulo
626 2329 688 2395 quo
710 2310 849 2395 pertinet
878 2311 979 2375 altero
1013 2289 1152 2378 eblctiro
1181 2316 1354 2396 separetur.
1394 2309 1529 2374 Facilius
1548 2313 1576 2372 et

483 2425 598 2490 melius
629 2426 756 2512 (glossa
790 2427 943 2513 expulsa)
973 2428 1129 2513 Apuleius
1164 2433 1338 2506 adustisque
1364 2432 1472 2492 Indice
1502 2431 1574 2490 locis.

485 2541 513 2626 fi.
537 2538 577 2608 25
606 2541 721 2606 velletn
747 2544 780 2607 in
808 2527 977 2611 elrrestom.
1000 2567 1031 2632 p.
1055 2544 1117 2612 232
1145 2546 1333 2631 scripturam
1363 2549 1497 2610 candore
1517 2561 1575 2606 ser·

484 2679 625 2725 rossem.

947 2915 1126 3005 27:251.

403 3022 464 3092 385

538 3096 741 3192 (spartum)
771 3087 958 3170 laboriose
997 3092 1168 3171 evellitur
1212 3092 1370 3172 ocreatis
1423 3093 1578 3170 cruribus

532 3235 642 3301 menn
682 3224 868 3324 tenusque
902 3224 1056 3303 manicis
1090 3224 1329 3305 convolutum
1357 3224 1477 3304 osseis
1492 3222 1577 3323 ilig-

535 3356 665 3435 neisve
691 3355 931 3435 conamentis

569 3505 671 3570 Recte
699 3506 765 3571 sill.
792 3506 876 3572 hanc
904 3507 1093 3595 scripturam
1126 3513 1236 3593 aperte
1264 3506 1489 3593 interpolatam
1516 3520 1579 3568 esse

486 3621 725 3711 pronunciarit,
747 3642 821 3691 nam
844 3623 931 3710 quod
951 3646 1040 3689 manu
1062 3644 1135 3690 cum
1155 3623 1253 3690 verbo
1275 3628 1392 3690 vellitur
1412 3622 1500 3709 iungi
1520 3641 1578 3687 mo·
1646 3652 1647 3657 κ

486 3736 556 3806 uiuit
576 3741 685 3822 Ianus,
707 3739 785 3804 nihil
802 3739 845 3805 ud
865 3760 943 3806 rem.
965 3740 1004 3806 Id
1024 3742 1128 3827 ipsum
1151 3747 1201 3808 est
1223 3737 1310 3827 quod
1331 3741 1446 3810 merito
1469 3736 1578 3824 Silligio

488 3857 665 3944 displicuit,
696 3858 908 3943 nequeenim
939 3879 1020 3945 opus
1047 3863 1117 3935 eret
1150 3863 1187 3922 ut
1207 3857 1355 3923 menibus
1377 3857 1478 3923 herbe
1498 3852 1579 3933 evelli

486 3974 667 4060 truderetur
687 3994 792 4070 neque
814 3976 980 4043 commode
1001 3976 1069 4043 ficri
1090 3980 1216 4061 poteret
1236 3981 1273 4041 ut
1293 3975 1377 4051 inter
1399 3975 1479 4050 duos
1501 3972 1578 4042 eblu-

488 4086 570 4156 tivos
592 4078 736 4156 eiusdem
750 4092 876 4179 generis
891 4093 1003 4157 tertius
1024 4092 1259 4158 diversissimus
1281 4093 1406 4159 medius
1420 4092 1579 4159 collocare·

488 4215 549 4273 tur.
591 4207 704 4294 Neque
730 4215 838 4274 tumen
869 4208 991 4296 Silligio
1020 4211 1177 4274 assentior
1204 4210 1258 4296 qui
1286 4233 1315 4276 v.
1345 4231 1435 4274 manu
1464 4206 1578 4285 delevit,

489 4324 623 4411 etquis
651 4325 795 4391 cruribus
818 4346 932 4392 munus
954 4326 1072 4411 opponi
1100 4333 1194 4413 puto,
1224 4333 1257 4392 et
1284 4328 1359 4413 quie
1385 4328 1419 4392 in
1446 4308 1579 4413 proiimc

409 4502 413 4507 .
490 4462 569 4509 voce
590 4450 777 4508 convolutum
798 4464 916 4509 novum
937 4444 1088 4517 mendum
1110 4444 1308 4531 deprehendi
1329 4445 1451 4530 opinor.
1472 4442 1577 4507 ulans-

489 4560 596 4653 positp
620 4560 718 4647 igitur
745 4560 860 4647 copula
880 4560 970 4649 legor
999 4580 1148 4643 manuque
1170 4568 1260 4628 textis
1286 4566 1413 4629 manicis
1435 4564 1579 4628 comeum

494 4677 551 4751 (cl.
573 4675 679 4743 XXV.
690 4678 750 4757 48)
775 4683 805 4744 in
829 4684 922 4750 osseis
943 4676 998 4745 rel.
1022 4677 1113 4756 Quae
1135 4679 1199 4748 siut
1221 4690 1400 4752 cornamento
1422 4676 1578 4755 poscimur
