3700 5625
453 740 517 810 236
876 742 965 805 Liber
986 742 1140 805 fflt'r.

453 936 564 1005 brisso.
607 936 729 1002 Vocem
751 942 858 1003 autom
886 938 1069 1024 ,integrum‘
1094 935 1298 1023 quaestions
1328 932 1483 1001 aBomb.
1506 934 1561 999 ab·

379 1039 382 1047 ’
455 1061 505 1121 ost
525 1074 600 1121 oum
619 1053 770 1120 Pintiano
792 1056 990 1139 omitterem,
1017 1054 1081 1143 uisi
1100 1053 1245 1121 Isidorus
1273 1053 1307 1119 in
1329 1072 1389 1119 suo
1413 1052 1561 1138 oxsmplo

454 1173 596 1259 legisset.

371 1285 435 1354 800
611 1292 863 1380 143=19,35.
897 1289 966 1381 (de
987 1288 1170 1389 spongitis
1195 1287 1417 1388 lapidibus).

505 1421 662 1519 Quidam
687 1442 754 1499 eos
790 1420 989 1499 tecolithos
1015 1426 1172 1513 vocant,
1214 1420 1387 1519 quoniam
1426 1420 1563 1498 vesicis

502 1555 717 1647 medentum
744 1551 910 1632 calculos
936 1558 1108 1655 rumpunt
1133 1552 1171 1629 in
1198 1553 1284 1630 vino
1304 1552 1393 1654 poti.

422 1762 426 1769 ‚
535 1686 610 1752 Nou
631 1691 803 1772 propteroa
826 1688 1025 1772 conoltbooc
1046 1686 1201 1771 appellari
1226 1692 1483 1751 consentancum
1505 1690 1563 1767 esi,

455 1805 677 1892 quarendos
699 1802 879 1885 modontm,
910 1802 968 1869 sod
991 1802 1068 1889 quio
1084 1802 1223 1869 calculos
1245 1807 1406 1889 mmpuut
1452 1802 1564 1888 itaquo

454 1918 660 1988 scribendum
682 1926 747 1987 est:
786 1927 892 1986 vesicis
911 1926 1083 1997 medentur;
1111 1926 1234 1999 quidam
1263 1940 1316 1985 eoo
1336 1924 1495 1987 tecolithos
1516 1938 1564 1985 oo·

455 2050 543 2120 cant,
565 2043 706 2117 quoniam
727 2033 863 2103 calculos
882 2048 1026 2120 rumpunt
1046 2045 1065 2105 t.
1089 2059 1116 2103 o.
1133 2059 1166 2119 p.

372 2166 433 2233 801
727 2159 977 2248 145=20,37.
1018 2156 1087 2250 (de
1114 2154 1299 2247 schistis).

505 2331 552 2342 -—
578 2288 616 2365 in
639 2288 685 2365 iis
712 2288 942 2367 commodior
969 2310 1081 2367 croco
1108 2286 1247 2378 similis
1273 2283 1472 2388 peculiaris
1501 2308 1564 2362 ex-

505 2419 652 2520 plendis
680 2421 873 2501 oculorum
908 2420 1050 2499 lacunis
1075 2422 1114 2497 in
1139 2419 1237 2515 lacte
1272 2420 1451 2512 muliebri,
1478 2442 1564 2521 pro·

506 2553 750 2655 cideotesque
777 2555 908 2633 oculos
935 2553 1125 2655 praeclare
1153 2552 1313 2631 cohibet.
1439 2654 1443 2659 ¹

537 2683 628 2758 Quos
650 2686 715 2751 sint
742 2687 904 2751 oculorum
926 2687 1079 2779 lacunas,
1104 2685 1213 2751 nescio
1242 2704 1348 2771 noque
1377 2682 1465 2771 apud
1486 2686 1563 2751 Dio·

455 2799 612 2868 sooridem
633 2802 673 2871 V.
694 2807 755 2872 144
787 2806 922 2891 reperio.
966 2804 1029 2880 Qui
1061 2807 1184 2894 πληροῖ
1212 2803 1250 2870 δὲ
1282 2807 1338 2870 καὶ
1371 2803 1563 2888 κοιλώματα
1615 2859 1620 2870 .
1663 2853 1664 2858 η

455 2918 532 2984 dum
554 2919 652 2987 refert
672 2923 855 3006 ,inanitates
871 2925 1026 2989 ulcerum‘
1047 2943 1128 3009 quas
1149 2922 1273 2988 Plinius
1295 2928 1390 2988 vocat
1410 2916 1563 2988 XXXIV.

456 3037 516 3105 169
538 3039 737 3124 significavit.
780 3040 962 3106 Emendoto
980 3041 1077 3128 igitur
1098 3040 1255 3108 vocabulo
1285 3040 1422 3126 proximi
1445 3039 1561 3106 vicinio

456 3163 606 3255 corrupto
629 3158 831 3224 scribendum
854 3164 938 3224 erot:
961 3165 1126 3224 ulcerum
1149 3162 1276 3224 loconis.

374 3338 472 3412 802'
606 3397 622 3424 .
880 3314 1136 3401 159=22,43.

505 3485 555 3499 -
574 3443 612 3518 in
639 3441 795 3543 Siphnio
821 3443 1027 3544 singulare,
1067 3443 1169 3543 quod
1213 3439 1441 3519 excalfactus
1482 3440 1563 3521 oleo

507 3575 685 3675 nigrescit
711 3576 948 3677 durescitque
972 3575 1222 3655 mollissimus.

374 3751 378 3760 -
422 3780 427 3795 ι
541 3708 714 3794 Aliquanto
737 3709 916 3793 elegantius
926 3709 1053 3773 locutus
1077 3715 1126 3774 ost
1141 3707 1277 3772 Plinius:
1300 3709 1494 3784 durescitque
1514 3725 1564 3769 no·

459 3838 529 3890 toro
550 3831 744 3892 notissimus.
787 3824 842 3891 Sic
862 3826 948 3892 onim
969 3824 1083 3892 Bamb.

376 3960 439 4030 803
636 3949 889 4035 160=22,45.
920 3945 989 4038 (da
1014 3942 1200 4044 speculari
1226 3941 1385 4043 lapide).

508 4075 686 4177 Hispania
725 4077 825 4155 hunc
850 4085 990 4156 tantum
1028 4075 1175 4154 citerior
1212 4074 1299 4154 olim
1326 4073 1458 4166 dabat,
1498 4095 1567 4148 neo

509 4214 587 4285 tota
612 4210 682 4286 scd
706 4210 802 4287 intra
827 4216 974 4287 centum
1001 4208 1099 4286 milia
1123 4209 1299 4310 passuum
1326 4205 1425 4282 circa
1445 4203 1566 4304 Sego·

511 4341 650 4419 bricam
674 4343 814 4420 urbem.

546 4479 743 4554 Sepobrtpom
766 4475 826 4537 cB
848 4473 987 4538 restituit
1007 4475 1114 4558 lanus,
1137 4474 1310 4538 immanem
1332 4488 1500 4533 numerum
1521 4467 1565 4531 in·

461 4591 536 4655 vitis
556 4591 645 4656 libris
666 4591 758 4657 MSS.
780 4593 845 4655 non
867 4590 981 4675 tetigit.
1024 4591 1154 4658 Soilloot
1175 4611 1199 4656 c.
1219 4609 1343 4670 passum
1366 4587 1418 4671 B¹,
1448 4609 1476 4652 c.
1494 4607 1564 4669 poo-

377 4764 381 4771 .
462 4727 513 4770 sus
532 4706 577 4770 Β*
598 4707 619 4771 d
640 4705 816 4773 rectissime
836 4706 989 4794 scriptum
1012 4707 1173 4774 exhibent.
