3700 5625
486 591 529 659 ild
948 592 1053 659 Mer
1075 590 1139 661 W.

539 787 663 856 autem
693 778 738 855 in
766 778 936 857 Locris
954 778 1097 857 'Elatoa
1119 787 1162 855 et
1184 778 1221 854 iu
1243 775 1327 879 ripa
1352 780 1527 883 Cephisi,
1560 794 1599 861 ut

539 915 720 1007 diximus,
754 915 887 995 Lilaea
924 916 1168 1019 Delphosque
1209 932 1341 996 versae
1375 918 1528 997 Cnemis
1564 930 1600 995 et

536 1054 774 1155 Hyampolis.
824 1054 974 1131 Rursus
992 1054 1206 1135 Locrorum
1228 1068 1296 1131 'ora
1322 1074 1388 1131 eto.

569 1200 665 1265 Itane
690 1197 799 1266 vero?
835 1197 990 1264 Elateam
1017 1199 1204 1285 etreliqua
1231 1201 1357 1307 oppida
1379 1199 1600 1267 celeberrima

483 1290 606 1383 'Locris
619 1318 776 1382 tribuisse
789 1316 930 1383 Plinium
948 1318 1004 1383 tibi
1021 1300 1270 1405 persuadebis?
1297 1318 1345 1385 At
1365 1318 1517 1389 fortasse
1541 1316 1600 1382 ali

487 1435 623 1534 quando
646 1433 882 1501 Phoceusibus
909 1438 1097 1525 adempta
1094 1448 1129 1503 et
1149 1437 1271 1504 Locris
1300 1414 1379 1521 data
1402 1414 1505 1503 sunt?
1530 1435 1600 1501 Au-

486 1553 608 1635 direm,
641 1553 721 1618 licet
746 1554 936 1620 Pausaniae
963 1564 1073 1621 aetate
1095 1555 1139 1623 Χ.
1159 1557 1211 1635 34.
1233 1566 1267 1621 et
1284 1556 1336 1623 35.
1363 1555 1599 1624 Phocensibus

484 1672 615 1737 reddita
640 1673 813 1758 putanda
810 1684 952 1755 essent,
984 1674 1047 1746 nisi
1072 1675 1147 1761 ipse
1171 1674 1299 1741 Plinius
1325 1694 1367 1739 eo
1393 1672 1472 1739 loco
1501 1693 1600 1757 quem

483 1789 574 1888 ipse
586 1788 703 1857 laudat
727 1789 804 1888 §.d
823 1789 981 1886 Lilaeam
1014 1803 1108 1891 certe
1142 1794 1185 1859 ad
1206 1791 1389 1895 Phocidem
1407 1786 1599 1873 retulisset,

486 1915 520 1971 et
541 1907 604 1972 nisi
627 1882 703 1973 dum
725 1889 955 1994 prosequitur.
984 1930 1101 1977 rursus
1120 1909 1300 1973 horr-omno
1321 1930 1380 1972 ora
1405 1927 1426 1972 a
1446 1907 1599 1973 Phocide

485 2046 525 2093 se
550 2028 594 2092 ad
619 2028 753 2094 Locros
778 2049 840 2092 rev
818 2028 913 2115 gredi
936 2001 1067 2095 disemis
1087 2027 1492 2095 verbistraderet.1am
1513 2046 1598 2092 vero

482 2143 517 2249 in
540 2147 642 2211 codd.
661 2146 749 2217 RAd
774 2145 898 2215 nullam
922 2130 1111 2216 Locrorum
1136 2145 1335 2209 mentionem
1357 2142 1431 2209 fieri
1453 2152 1598 2241 constat,

484 2284 575 2335 nam
589 2264 630 2327 de
651 2260 834 2335 ¹Tolett'sno
843 2264 943 2331 silent
960 2260 1073 2327 Sillio'·
1031 2285 1074 2352 gn
1101 2274 1260 2385 auctores
1274 2258 1425 2351 Hispani.
1459 2259 1598 2385 Scilicet

484 2378 530 2445 ita
555 2367 709 2446 scribunt
734 2381 808 2449 libri
832 2382 965 2486 optimi.
1085 2442 1089 2449 ,
1184 2448 1187 2455 ,
1421 2390 1424 2400 ’

679 2504 853 2571 Introrsus
872 2515 981 2571 uatem
982 2504 1067 2593 (αιι
1043 2490 1140 2595 d.)
1163 2502 1262 2569 Loris
1283 2479 1435 2570 Eluteu

485 2651 573 2716 quae
601 2632 733 2717 quidem
758 2634 874 2701 ultima
891 2610 1070 2703 vocabula
1087 2644 1154 2701 tam
1180 2644 1258 2701 sunt
1284 2635 1370 2701 inter
1398 2608 1438 2699 se
1465 2630 1594 2713 similia,

424 2744 458 2799 1..
482 2760 520 2815 ut
541 2748 745 2815 taratolano
765 2751 977 2818 menifestum
999 2750 1244 2838 dittographiae
1267 2750 1420 2816 indicium
1446 2769 1532 2834 prae
1557 2770 1595 2816 sa

482 2866 603 2948 ierant.
636 2868 758 2963 Deleta
779 2871 879 2956 igitur
892 2871 1034 2942 molesto
1054 2870 1111 2938 illo
1133 2869 1235 2936 Loris
1254 2869 1352 2936 locus
1374 2870 1425 2937 sic
1444 2869 1596 2936 scriben-
1642 2891 1647 2904 ·

483 2987 546 3054 dus
567 2988 716 3056 videtur:

497 3194 501 3204 1
596 3108 770 3174 Introrsus
791 3117 900 3173 ontmn
929 3110 1000 3195 (sc.
1020 3109 1053 3215 in
1077 3106 1244 3193 Phocide)
1273 3081 1394 3170 Elaion
1418 3103 1479 3200 rei.

482 3232 673 3307 Caenidem
699 3237 824 3308 falso
815 3260 848 3303 m
869 3229 1019 3305 Phocide
1039 3236 1311 3304 commemoravit
1329 3222 1468 3312 Plinius,
1494 3255 1596 3320 quum

478 3352 548 3421 levi
580 3377 699 3422 errore
732 3368 878 3423 montem
906 3358 939 3422 in
969 3353 1129 3423 Phocidis
1162 3353 1315 3420 confiniis
1342 3346 1489 3441 positum
1519 3357 1597 3419 eum

481 3453 606 3560 oppido
630 3471 861 3576 confunderet.

422 3658 464 3722 ⁷2
563 3628 692 3696 E⁰d⁰¹¹¹
715 3624 961 3714 matathiae
984 3624 1065 3692 vitio
1098 3622 1254 3691 ibidem
1285 3661 1323 3700 ι,
1544 3589 1584 3602 ”

482 3785 487 3796 .
531 3756 704 3858 oppida
730 3755 998 3854 Halcyone,
1024 3751 1221 3846 Econia,
1247 3750 1417 3838 Phalara¹
1460 3804 1464 3812 ,

480 3905 543 3973 tria
569 3904 663 3972 iacta
684 3904 839 3970 videntur
861 3919 950 3985 quae
976 3916 1044 3964 non
1059 3893 1123 3966 nisi
1138 3897 1204 3961 duo
1221 3894 1335 3962 fuere.
1357 3894 1486 3960 Eddnio
1507 3894 1597 3963 e'nim

478 4027 560 4091 urbs
586 4034 723 4110 praeter
748 4019 840 4086 hunc
864 4011 977 4084 locum
1002 4035 1169 4103 nusquam
1192 4022 1482 4081 commemoratur.
1524 4013 1596 4080 Pro

423 4171 426 4179 ·
480 4163 547 4229 qua
571 4140 707 4207 suerunt
733 4138 788 4225 qui
815 4137 930 4202 Itonia
953 4135 1055 4236 scribi
1080 4132 1223 4214 vellent,
1256 4133 1433 4222 ingeniosa
1460 4131 1596 4217 quidem

479 4259 685 4340 coniectura,
706 4259 768 4323 sed
791 4256 918 4322 idcirco
941 4229 1124 4320 reiicienda
1151 4254 1309 4338 quoniam
1329 4251 1435 4319 Itonia
1455 4271 1524 4316 non
1549 4251 1597 4316 ad

477 4380 586 4447 sinum
609 4375 792 4443 Maliacum
817 4395 935 4441 verum
966 4371 1132 4436 introrsus
1167 4372 1232 4438 sita
1259 4381 1342 4437 erat.
1402 4372 1453 4436 lta
1474 4379 1595 4460 [autem

476 4495 627 4564 scribunt
649 4491 803 4560 codices:
823 4490 855 4556 Α
877 4488 1015 4555 Aleione
1035 4488 1163 4554 Econia
1183 4487 1216 4554 R
1237 4486 1412 4586 Halcyone
1432 4485 1593 4568 Aecortia,

476 4595 563 4704 puae
590 4613 722 4702 quidem
742 4597 877 4678 nomina
901 4620 971 4675 tam
992 4603 1071 4674 sunt
1091 4607 1179 4674 inter
1202 4625 1243 4674 se
1270 4577 1402 4688 similia,
1417 4601 1464 4700 Jut‘
1489 4624 1593 4671 uuum
