3700 5625
462 559 507 626 tu
917 551 1121 621 acarna.

441 746 518 813 'De
540 744 617 831 ipso
639 760 780 810 numero
801 760 869 809 nou
892 738 1053 827 disputet.
1066 738 1155 825 apud
1168 736 1310 805 Plinium
1331 756 1416 803 raro
1437 736 1581 805 cundem
1663 712 1664 789 Ϊ

464 864 709 934 restituendum
725 881 805 928 esse
818 842 944 927 censed
957 877 1055 944 quem
1068 856 1101 922 in
1113 857 1273 924 Antonini
1287 856 1460 923 itinerario
1469 854 1581 941 pulc.

465 985 664 1071 reperimus.
700 981 945 1047 Enumerantur
964 978 1009 1044 ibi
1029 978 1142 1046 stadia
1164 974 1250 1043 CCC
1270 977 1377 1043 idest
1398 975 1502 1061 paulo
1524 974 1583 1041 mi·

463 1126 530 1171 nus
543 1102 620 1169 VIII
632 1100 721 1167 milia
735 1120 906 1186 passuum.
930 1098 1154 1165 Scribendurn
1164 1106 1217 1163 est
1237 1096 1353 1181 igiturt
1376 1092 1581 1180 Vama,

460 1225 530 1290 nisi
551 1222 640 1287 forte
663 1220 762 1284 etiam
785 1218 817 1283 in
835 1218 1009 1284 itinerario
1041 1238 1104 1303 pro
1126 1214 1213 1283 CCC
1236 1214 1415 1301 legandum
1435 1230 1584 1279 censeas

465 1340 592 1409 CGGL.
619 1338 741 1404 Mirum
758 1348 936 1422 praeterea
949 1338 1116 1417 videatur,
1128 1355 1201 1400 cum
1213 1334 1338 1420 Lipara
1354 1331 1464 1417 potius
1481 1349 1583 1417 quam

465 1482 543 1528 cum
556 1458 661 1525 Hiera
672 1456 880 1544 Strongylen
892 1453 1033 1521 insulam
1050 1454 1251 1539 comparari,
1273 1472 1372 1538 quum
1384 1451 1429 1516 ibi
1444 1468 1582 1539 qaoque

463 1579 620 1646 flammas
631 1597 809 1663 erumpere
826 1598 895 1642 non
910 1576 1032 1655 dixerit
1047 1574 1189 1647 Plinius;
1211 1581 1311 1657 atque
1332 1571 1440 1655 possit
1461 1567 1584 1656 aliquis

382 1671 388 1679 ’
463 1698 540 1764 sive
557 1695 716 1765 Cluverio
739 1696 909 1780 assentiri,
928 1694 987 1781 qui
1009 1714 1084 1758 cum
1108 1690 1224 1759 Solino
1240 1689 1291 1756 12.
1313 1700 1349 1755 et
1366 1687 1518 1757 Eustath.
1538 1688 1584 1753 ad

465 1815 607 1901 Dionys.
625 1814 700 1884 461.
726 1837 748 1878 o
767 1815 883 1879 ceteris
908 1814 1040 1891 scribit,
1069 1812 1140 1878 sive
1161 1809 1251 1897 quod
1273 1809 1426 1895 equidem
1447 1807 1584 1873 mallem

466 1932 511 1999 ub
527 1934 599 2013 itta,
620 1934 724 2008 idest
736 1935 781 1999 ad
791 1933 906 1999 Hiera.
933 1930 1023 1997 Nihil
1045 1930 1131 1997 enim
1150 1927 1367 1995 faciliuslieri
1382 1926 1488 2013 potuit
1502 1947 1584 1993 cou-

466 2053 684 2139 iicerequam
704 2043 745 2117 ut'
764 2073 784 2117 e
804 2073 908 2119 versu
929 2052 1109 2137 superiore
1129 2046 1297 2115 voeabula
1313 2045 1514 2139 cLipurain
1528 2066 1583 2113 se·

468 2167 625 2258 quantem
644 2171 733 2238 male
754 2172 1092 2249 transscriberentur,
1113 2188 1213 2255 quum
1226 2166 1586 2257 praesertim-proximi

467 2289 624 2356 vocabuli
647 2292 776 2375 primae
796 2290 930 2357 litterae
952 2288 997 2383 liq
1018 2290 1152 2354 scribae
1167 2283 1480 2351 oeulosallicerent.
1510 2287 1585 2355 Sed

467 2428 573 2494 quum.
593 2418 628 2474 et
656 2428 679 2473 a
705 2410 874 2476 Strabone
901 2409 961 2475 VI.
986 2430 1021 2491 p.
1042 2406 1115 2479 276.
1145 2405 1347 2493 Strongyles
1376 2405 1475 2487 ignes
1505 2426 1584 2473 cunr

466 2526 593 2613 Lipara
613 2544 722 2611 aeque
742 2548 785 2595 ac
805 2528 999 2593 Thermissa
1018 2526 1092 2591 sive
1110 2523 1214 2591 Hiera
1236 2535 1484 2610 comparentur,
1506 2536 1541 2591 et
1562 2548 1586 2594 a

469 2646 550 2715 Silio
562 2647 780 2719 ItalieoXlV.
792 2647 844 2715 5&
874 2647 1000 2731 Lipara
1020 2643 1227 2711 flammiIeris
1247 2642 1364 2731 insulis
1386 2644 1587 2723 adnumere-

418 2843 422 2848 ,
469 2777 534 2851 tur,
555 2766 707 2835 codicum
729 2767 814 2834 ms
835 2767 1070 2835 auctoritatem
1092 2764 1190 2852 sequi
1211 2773 1371 2850 praestat.
1393 2762 1423 2844 ᾗ.
1435 2762 1488 2830 99.
1508 2782 1583 2832 scr.

468 2885 669 2954 Peucetiam.

408 3028 452 3093 57
787 3070 790 3078 ,
814 3066 818 3075 ,
886 2988 1170 3084 102=11,16.

520 3141 726 3218 Brundisio
746 3142 1004 3218 »conterminus
1023 3139 1300 3218 I’ediculorum¹
1314 3165 1422 3240 ager3
1450 3165 1585 3219 norem
1642 3189 1645 3194 -

523 3279 781 3354 adolescentes
802 3280 1032 3380 totidemque
1065 3276 1228 3376 uirgines
1257 3279 1302 3352 ab
1329 3275 1467 3376 Illyriis
1488 3277 1585 3354 XVI

523 3417 683 3517 populos
716 3441 894 3514 genuere.
953 3412 1222 3490 Pediculorurn
1254 3411 1390 3513 oppida
1422 3413 1585 3512 Rudiae,

520 3549 698 3651 Egnatia,
729 3550 923 3650 Barium„
949 3577 1075 3627 amnes
1107 3551 1230 3660 Iapyx
1263 3575 1286 3624 a
1315 3548 1473 3624 Daedali
1504 3550 1585 3628 filio

521 3714 612 3788 rege
636 3712 658 3762 a
680 3713 752 3789 quo
775 3698 813 3763 et
833 3687 1002 3788 Iapygia,
1026 3686 1192 3782 Paetina,
1217 3683 1377 3761 Aufidus
1411 3705 1477 3760 etc.

557 3837 616 3906 Sic
636 3848 715 3924 post
733 3835 938 3903 Harduinum
954 3829 1197 3922 Silligiuu'nisi
1217 3837 1306 3924 qnod
1325 3857 1499 3902 numerum
1521 3845 1589 3902 tre·

471 3956 579 4024 decim
601 3979 621 4024 e
640 3956 756 4024 codA
771 3959 805 4021 in
826 3954 907 4021 XVI
926 3955 1074 4025 mutavit.
1116 3957 1208 4022 Inest
1231 3967 1343 4022 tamen
1364 3939 1482 4022 nescio
1505 3960 1586 4044 quid

470 4076 663 4142 inconcinni
687 4085 788 4162 atque
815 4098 837 4142 a
863 4075 1052 4142 fabularum
1077 4075 1262 4142 rationibus
1277 4049 1426 4141 diuersi:
1457 4073 1584 4143 ferrem

471 4195 501 4261 si
522 4194 631 4260 XVIII
653 4194 767 4280 populi
788 4192 1053 4261 numerarentur.
1104 4193 1283 4281 AtquiXII
1299 4195 1450 4268 scribunt
1471 4193 1584 4262 RTd.

470 4316 541 4380 Iam
561 4314 762 4379 veroVarro
776 4314 957 4382 Renlrum.
971 4314 992 4380 l.
1005 4315 1059 4384 lll.
1080 4315 1114 4380 iu
1136 4315 1204 4382 XII
1219 4313 1365 4400 populos
1387 4313 1488 4380 dtvtdt
1508 4313 1584 4381 Sal·

468 4432 615 4500 lentinos
632 4444 843 4512 narraverat,
866 4457 900 4520 p.
909 4434 987 4506 205.
1002 4436 1058 4503 ed.
1077 4435 1171 4519 Rip,
1192 4433 1236 4501 ci.
1254 4434 1347 4502 Fest.
1363 4452 1393 4498 v.
1406 4431 1582 4504 Salentini.

473 4552 538 4618 Vix
559 4553 660 4640 igitur
680 4553 796 4621 dubito
817 4555 896 4641 quia
917 4555 963 4621 ita
985 4554 1113 4622 Plinius
1136 4553 1226 4625 hunc
1250 4561 1423 4622 auctorem
1443 4565 1585 4622 secutus
