3700 5625
494 578 540 649 82
959 580 1061 653 aaa
1080 584 1147 659 IV.

496 770 662 871 mandam
682 766 877 838 efficeretur
896 789 972 838 eam
990 788 1125 858 qaoque
1146 782 1278 859 partem
1290 784 1414 861 portae
1428 800 1504 849 curu
1526 804 1611 853 cou-

494 896 621 964 tinente
643 902 737 959 terra
761 888 973 960 coniunctam
996 884 1113 961 fuisse.
1163 892 1341 963 Contendit
1361 900 1495 985 qru'rlem
1521 902 1610 988 sill,

493 1012 617 1085 uuilem
642 1007 851 1098 peninsulam
882 1009 916 1073 in
948 1009 1181 1094 superioribus
1217 1018 1488 1099 commemorari,
1518 1042 1610 1108 quae

494 1132 573 1199 olim
591 1130 674 1197 mari
695 1139 789 1196 esset
809 1126 1030 1195 circumfusa:
1051 1131 1115 1197 sed
1126 1129 1249 1199 fallitur
1264 1153 1364 1219 quum
1375 1134 1418 1203 de
1428 1138 1609 1223 peninsula

493 1250 635 1338 cogitat3
664 1247 808 1315 insulam
834 1266 999 1333 quaerere
1025 1249 1170 1317 debebat
1177 1300 1188 1337 ,
1217 1252 1270 1317 cui
1289 1251 1436 1325 Taurica
1462 1269 1608 1330 eatenus

492 1367 608 1435 similis
629 1366 797 1433 diceretur
820 1366 912 1452 quod
932 1366 1009 1433 olim
1031 1384 1124 1435 certa
1145 1369 1255 1439 insula
1275 1369 1408 1441 suisset.
1436 1374 1607 1446 Eaevero

491 1487 706 1554 inveniuntur
726 1484 822 1573 §.82
844 1496 879 1553 et
899 1483 953 1554 83.
1007 1486 1153 1557 Insulam
1179 1490 1223 1559 ibi
1252 1503 1448 1559 narraverat
1476 1494 1607 1566 Plinius

491 1605 737 1694 Tyragetarum
757 1604 944 1691 spatiosam
956 1605 990 1673 in
1007 1604 1100 1694 'lyra
1119 1628 1216 1674 amne
1238 1610 1402 1695 conspici,
1424 1625 1606 1699 praeterea

318 1804 321 1811 ¹
454 1756 457 1762 ·
490 1726 631 1801 alteram
656 1722 700 1792 ab
721 1721 853 1795 Achille
875 1726 1113 1811 cognominari,
1135 1748 1210 1795 cum
1233 1728 1352 1815 quibua
1371 1750 1462 1797 nune
1484 1731 1606 1802 Tauri·

490 1868 565 1915 eam
587 1842 808 1929 comparavit,
826 1863 915 1928 quae
936 1854 971 1911 et
991 1844 1067 1929 ipsa
1089 1844 1166 1913 clim
1187 1845 1297 1913 insula
1315 1846 1437 1915 suisset
1458 1870 1501 1917 ea
1522 1875 1606 1941 quo·

488 1988 556 2056 que
577 1974 674 2053 parte
696 1963 780 2029 meri
799 1960 1019 2043 circumdata,
1039 1964 1095 2030 ubi
1117 1982 1206 2031 nuno
1225 1966 1337 2053 campi
1353 1965 1515 2037 lacerent.
1537 1972 1604 2039 lta·

488 2108 554 2177 que
577 2084 689 2155 deleta
710 2081 937 2168 dittographia
957 2081 1135 2170 legendum
1157 2096 1228 2151 est:

740 2204 963 2298 clipeaque
985 2222 1076 2269 nune
1096 2203 1203 2291 campi
1222 2204 1340 2275 iaceat.

570 2324 608 2389 lu
630 2321 849 2409 sequentibus
870 2322 985 2388 verbis
1006 2320 1117 2387 omisit
1137 2319 1207 2388 Siil.
1229 2321 1416 2411 elegantem
1436 2324 1601 2397 Harduini

486 2444 711 2511 coniecturum
736 2440 908 2531 Aaqadcai
932 2437 988 2506 vel
1013 2438 1123 2523 potius
1151 2438 1315 2529 Arqodini
1339 2464 1401 2527 pro
1428 2448 1600 2533 scriptura

485 2562 584 2631 codd.
605 2571 640 2627 et
659 2558 798 2645 vulgata
821 2556 989 2649 Orqocyai
1006 2555 1062 2624 vel
1085 2555 1243 2645 capacia,
1265 2571 1301 2628 ut
1322 2562 1429 2629 estin
1448 2563 1492 2630 R.
1526 2566 1599 2633 Sci.

484 2683 563 2749 licet
587 2679 728 2768 Argoda
756 2677 915 2764 oppidum
940 2698 962 2743 a
987 2675 1180 2743 Ptolemaeo
1208 2680 1395 2747 nominatur
1422 2682 1476 2749 ill.
1505 2680 1539 2748 6.
1566 2685 1598 2751 6.

482 2803 608 2871 ibidem
622 2800 652 2868 4.
673 2808 953 2867 commemoratur
966 2794 1144 2883 Tyriatace
1159 2794 1213 2864 vel
1224 2796 1382 2868 Toritace
1405 2823 1503 2890 quam
1520 2824 1598 2872 uum

482 2921 666 3005 Tractaris,
685 2918 785 2986 sicuti
796 2915 897 3005 vulgo
910 2918 1001 3004 apud
1015 2917 1152 2984 Plinium
1169 2915 1301 3003 legitur,
1317 2920 1492 3007 ingeniose
1505 2941 1597 2990 com·

481 3040 596 3129 posuit
616 3039 780 3124 Forbigar
803 3033 1217 3122 Geogr.ant.lll.p.llii.
1247 3037 1347 3115 Quod
1366 3061 1451 3108 vero
1473 3042 1595 3110 deiude

481 3181 502 3228 e
524 3161 601 3229 cod.
619 3158 653 3225 R
678 3167 854 3243 receptum
874 3167 928 3224 est
953 3177 974 3224 a
994 3155 1065 3226 Sill.
1086 3153 1253 3222 menaea
1272 3180 1294 3221 a
1313 3155 1478 3226 Graeciae
1495 3163 1594 3228 mari·

480 3279 540 3346 aaa
559 3279 733 3346 ueLatine
750 3277 883 3364 quidem
905 3274 1038 3355 dicitur,
1058 3294 1160 3362 quum
1181 3296 1204 3338 a
1226 3285 1260 3344 et
1279 3296 1302 3344 a
1322 3277 1468 3368 vulgatis
1480 3301 1593 3350 axem·

479 3399 546 3487 plis
564 3411 599 3466 et
621 3419 645 3466 a
664 3396 741 3466 cod.
762 3395 785 3462 d
806 3395 994 3463 rectissime
1015 3393 1194 3462 omittatur.

418 3549 462 3618 aa
904 3545 1157 3642 ao=1e,er.

527 3701 665 3804 incipit
688 3698 775 3777 iude
798 3698 933 3778 clarior
959 3697 1097 3801 aperiri
1124 3699 1221 3777 lama
1254 3703 1299 3782 ab
1322 3715 1433 3806 gente
1457 3706 1593 3810 Ingae-

525 3865 661 3920 vouum
693 3863 789 3940 quaa
819 3847 878 3914 ast
905 3837 1013 3938 inde
1040 3836 1161 3940 prima
1188 3837 1438 3944 Germaniae,
1477 3843 1593 3926 Mons

526 3979 626 4057 Savo
651 3974 704 4052 ibi
728 3981 792 4050 rel.

558 4114 609 4179 ita
630 4110 703 4178 Sill.
726 4131 748 4180 e
769 4110 845 4178 cod.
869 4108 913 4175 Α.
945 4108 1080 4198 Reliqui
1105 4109 1247 4180 habenta
1277 4115 1386 4202 prima
1405 4112 1484 4180 iuda
1504 4111 1581 4184 Gar

473 4231 598 4298 maala.
630 4230 706 4296 Non
734 4230 812 4298 dico
838 4229 1021 4298 absurdam
1049 4249 1128 4300 assa
1156 4251 1233 4300 earu
1258 4234 1457 4318 scripturam
1486 4255 1590 4321 quam

473 4351 547 4424 Sili.
565 4348 714 4436 recepit,
742 4359 889 4418 attamen
908 4349 1086 4418 molestum
1107 4349 1188 4420 illua
1214 4351 1355 4420 alterurn
1383 4351 1462 4418 asae
1482 4372 1590 4442 aegre

470 4472 559 4542 fero.
604 4470 714 4545 Quum
733 4469 821 4538 euim
841 4470 955 4557 priore
977 4470 1144 4540 vocabulo
1165 4472 1231 4538 iam
1251 4471 1424 4558 regionem
1441 4471 1593 4541 iudicas-

470 4589 670 4675 setPliuiua,
684 4587 776 4658 ande
788 4586 1103 4660 Germaniaesitmu
1119 4589 1349 4678 explicaturus
1365 4603 1471 4676 esset,
1494 4611 1590 4682 quaa
