3700 5625
723 701 816 764 scca
835 701 942 766 XVII.
1339 697 1381 768 35
1417 735 1423 752 ,

287 897 369 961 biatu
387 918 418 961 v.
438 896 544 960 ooerrdt
562 893 604 963 ad
622 896 777 960 remotius
798 896 1033 962 submerum
1053 897 1248 982 ‚praeccpta‘
1268 885 1383 960 referri

288 1034 376 1100 posse
406 1013 468 1077 sibi
501 1012 670 1096 persuasit
711 1012 880 1078 Postremo
912 1015 1008 1083 lanus
1036 1013 1224 1098 elegantiori
1254 1013 1382 1095 iudicio,

288 1131 412 1196 consilio
420 1133 493 1194 nori
503 1128 610 1193 minus
618 1130 788 1194 temerario
799 1149 878 1194 usus
889 1152 918 1194 s.
936 1137 1029 1210 pluro
1041 1131 1221 1213 inculcavit,
1245 1130 1383 1194 otiosum

209 1308 210 1313 ,
288 1255 326 1331 st,
346 1249 405 1312 nisi
423 1247 533 1330 fallor,
556 1266 576 1309 e
596 1247 693 1310 Plinii
715 1248 947 1313 consuetudine
970 1249 1118 1315 alienum.
1139 1253 1142 1258 '
1161 1245 1384 1340 Nequeenlm

288 1367 384 1430 locum
402 1385 454 1428 me
471 1365 579 1451 legere
591 1365 731 1448 memini,
753 1342 965 1451 ubisosiptor
985 1386 1020 1429 se
1041 1365 1133 1450 plura
1146 1386 1210 1429 non
1222 1365 1383 1430 invenisse

209 1532 210 1563 p
289 1503 376 1568 qnam
397 1503 480 1568 qnae
501 1484 626 1566 retulit,
657 1482 856 1555 confiteatur.
881 1481 1009 1551 Scilicet
1028 1501 1294 1568 operamomnes
1312 1502 1384 1574 per·

209 1638 210 1691 3
289 1600 445 1682 lidorum,
475 1599 552 1664 dum
576 1600 738 1688 scriptoris
762 1605 795 1663 ct
815 1580 1015 1686 grammatici
1035 1619 1165 1664 menum
1187 1620 1251 1664 non
1273 1599 1384 1664 distin-

209 1704 210 1713 *
289 1724 392 1808 gaunt.
433 1717 555 1780 Plinius
577 1717 646 1803 ipse
667 1697 855 1802 scripserat:
1397 1803 1400 1808 Δ

325 1841 398 1920 ,Hae
414 1838 504 1912 sune
524 1839 609 1915 opud
623 1839 745 1916 priscos
768 1839 968 1922 differentiae,
987 1840 1132 1916 simulque
1152 1843 1319 1922 praecepta
1339 1852 1387 1896 re·

254 1949 259 1965 '
326 1960 376 2018 tuli
394 1957 527 2030 uteodi‘;

288 2077 408 2155 praeter
427 2071 560 2135 modum
576 2070 662 2134 enim
684 2090 746 2156 quo
770 2070 847 2134 lotio
868 2069 1017 2138 humabo·
1038 2068 1193 2140 utendum
1214 2067 1386 2149 videretur,

288 2188 358 2274 ipso
378 2188 489 2265 ordine
519 2208 582 2277 quo
604 2187 729 2280 singula
747 2188 896 2252 stercoris
920 2208 1041 2274 genera
1057 2186 1256 2252 enumeravit
1276 2184 1388 2250 utendi

290 2312 454 2392 praecepta
462 2304 713 2392 comprehendit,
721 2322 803 2391 quac
816 2305 856 2370 ab
865 2305 1013 2392 agricolis
1021 2305 1277 2370 observarentur.
1284 2302 1389 2366 Aliter
1408 2283 1412 2290 ⁴

290 2424 385 2488 visum
395 2434 445 2488 est
459 2423 554 2487 docto
565 2422 613 2486 illi
624 2423 843 2510 grammatico,
866 2422 970 2506 Iunio,
990 2431 1026 2486 ut
1048 2422 1181 2503 videtur,
1204 2420 1388 2505 Laurentio,

291 2542 377 2626 cuius·
395 2541 620 2606 annotationes
644 2563 674 2607 n.
696 2541 737 2608 39
759 2547 792 2605 et
807 2541 867 2608 121
889 2541 1121 2624 indicavimus,
1156 2538 1388 2624 frequentiores

293 2658 420 2723 etiamin
434 2659 516 2722 libro
525 2658 638 2744 primo,
650 2659 795 2724 inindicc
804 2660 958 2724 librorum
965 2657 1077 2722 XVIII
1090 2665 1122 2721 et
1130 2656 1388 2742 XXreperimus.

293 2773 347 2849 Qui
360 2797 467 2863 quum,
481 2781 517 2840 ιιι
528 2776 641 2841 florum
655 2796 776 2863 genera
789 2797 809 2840 a
824 2775 991 2842 medicinis
1003 2781 1203 2863 separantur,
1220 2773 1296 2839 item
1310 2779 1388 2837 ster·

293 2895 366 2958 coris
387 2914 509 2982 genera
530 2901 563 2958 et
584 2896 782 2959 stercorandi
803 2901 977 2981 praecepta
999 2894 1171 2979 separatim
1194 2913 1214 2955 a
1235 2892 1388 2977 scriptore

292 3012 366 3076 tradi
388 3015 590 3099 opinaretur,
617 3013 757 3101 prudens
780 3010 1020 3093 animadvertit,
1056 3030 1091 3074 se
1123 3015 1299 3098 praecepta
1324 3028 1389 3071 non

292 3129 434 3195 invenire.
478 3128 570 3203 Quae
598 3132 796 3216 grammatici
829 3130 1010 3194 observatio
1043 3128 1241 3212 emargine,
1287 3132 1322 3189 ut
1344 3126 1389 3207 fit,
1439 3140 1447 3157 ‘

292 3232 367 3312 inter
394 3250 467 3334 ipse
494 3248 657 3334 scriptoris
686 3248 785 3313 verba
806 3252 921 3333 postea
938 3253 1069 3332 recepta
1091 3251 1151 3309 est.
1193 3244 1293 3307 Paulo
1316 3249 1390 3328 post

294 3373 372 3429 recte
393 3366 461 3431 sill.
480 3386 501 3430 e
522 3364 687 3430 codicibus
710 3371 812 3429 umidi
828 3365 974 3449 scripsit:
999 3338 1235 3449 ,praeceptum
1258 3362 1344 3425 enim
1371 3382 1389 3424 e
1458 3338 1461 3343 ¹

295 3471 390 3548 dativo
404 3483 608 3569 ,praeceptis‘
620 3476 1018 3567 adnmbilibmhylogia
1030 3482 1226 3567 cogitatione
1241 3480 1389 3565 supplen-

295 3598 361 3672 dun
381 3601 505 3670 Plinius
525 3571 662 3686 reb'quit
1411 3582 1415 3591 ’

730 3778 779 3853 58
791 3809 836 3841 =
851 3776 944 3865 10,9.

337 3906 380 3984 u
405 3908 554 3986 abunde
580 3908 772 4009 praedicta
798 3908 938 3985 ratione
966 3904 1060 3984 caeli
1084 3929 1128 3983 ac
1151 3914 1270 3983 terrae
1291 3929 1390 3984 nuno
1410 3808 1473 3879 314

209 4057 210 4134 ξ
337 4040 382 4117 de
405 4040 466 4119 his
492 4041 685 4120 arboribus
708 4042 864 4119 dicimus
890 4063 985 4141 quae
1011 4062 1098 4117 cura
1125 4034 1313 4119 hominum
1340 4046 1390 4119 at-

209 4179 210 4264 }
336 4180 497 4271 qucarte
523 4174 757 4273 proveniunt

370 4327 409 4386 m
430 4330 517 4387 reete
538 4325 562 4389 1.
584 4344 605 4386 e
626 4322 721 4388 codd.
744 4322 808 4387 aT
829 4321 974 4402 inseruit,
998 4320 1038 4385 ci.
1061 4322 1089 4405 §-
1111 4320 1189 4405 216,
1225 4340 1287 4407 quo
1320 4323 1394 4387 loco

301 4435 407 4503 lunius
427 4440 621 4523 ,indicanda
643 4443 697 4523 ait,
714 4448 831 4505 natura
851 4442 921 4504 est‘
963 4440 1076 4523 ltaque
1092 4438 1282 4526 hicquoque
1305 4440 1392 4526 qued
1474 4484 1476 4489 .

299 4550 401 4620 meod
421 4557 442 4621 d
465 4565 584 4622 exstat-
602 4564 734 4623 dimas
755 4556 926 4643 legendum
950 4561 1017 4637 est,
1045 4561 1083 4619 tis
1112 4576 1171 4641 pro
1197 4560 1243 4619 lc's
1264 4557 1394 4643 linguae

301 4666 411 4753 hgibus
428 4676 623 4760 postulatur,
643 4695 750 4761 neque
770 4676 803 4739 in
825 4673 943 4739 talibus
966 4672 1062 4737 rebus
1084 4672 1230 4738 codicum
1242 4673 1393 4740 habenda

1136 4790 1183 4856 3*
