3700 5625
716 551 817 622 Later
839 551 905 620 1²1.
1323 549 1369 616 89

259 743 301 808 sis
323 715 416 810 saec.
438 739 502 807 XV
511 713 533 828 )’
554 739 706 807 exbibet:
732 739 797 806 ΒΤ
826 740 944 830 legunt
970 739 1016 804 orl
1039 749 1261 828 prospectam,
1292 742 1368 806 det

257 869 465 947 prospectum.
509 860 619 938 Quam
644 879 711 926 non
737 859 964 945 corruptelam
986 880 1067 945 ego,
1100 859 1187 926 sicut
1207 858 1366 946 Silligius,

258 980 314 1044 sed
339 1000 457 1045 veram
485 999 746 1066 germanamque
781 978 962 1046 lectionem
993 999 1073 1046 esse
1108 979 1270 1058 arbitror,
1302 979 1366 1044 etsi

258 1096 421 1184 vulgatam
444 1097 579 1165 facilius
602 1097 763 1186 explicari
791 1098 983 1172 concedam.
1036 1098 1125 1175 Quid
1150 1099 1236 1165 enim
1262 1099 1295 1165 in
1324 1120 1367 1165 eo

258 1237 353 1284 sensu
382 1218 619 1310 reprehendas
648 1238 746 1304 quern
775 1217 932 1304 suppleta
956 1239 1044 1283 voce
1072 1239 1176 1312 usque
1204 1217 1366 1303 explicari

257 1334 326 1400 licet
367 1337 434 1414 „A
460 1335 560 1402 laeva
585 1337 795 1416 Adiabenes‚
833 1338 863 1403 si
891 1337 1024 1426 quidem
1054 1335 1199 1422 Tigridis
1233 1357 1367 1402 cursum

258 1456 483 1539 spectaveris,
516 1457 678 1522 orientem
699 1475 821 1524 versus
844 1457 1034 1522 extenditur
1058 1455 1172 1521 Media
1195 1458 1367 1543 usquead

258 1585 384 1640 montes
422 1573 646 1641 Cadusiorum
674 1585 708 1642 et
736 1571 934 1661 Caspiorum
966 1573 1032 1659 (cs.
1053 1573 1153 1663 §.36,
1173 1572 1227 1642 39.
1248 1586 1281 1639 et
1297 1574 1368 1660 45),

258 1695 337 1760 unde
360 1695 526 1780 Caspium
547 1681 639 1762 mare
659 1695 911 1782 prospicitur“l
935 1693 1098 1762 Staudum
1121 1694 1183 1760 erit
1204 1694 1304 1780 igitur
1324 1695 1368 1758 nl)

259 1816 385 1900 optimis
407 1815 503 1882 libris
521 1825 554 1882 et
576 1815 806 1884 scribendum:

293 1973 335 1988 -
356 1937 448 2023 repra
470 1932 646 2000 Medorum
666 1944 714 1998 eet
731 1933 780 1998 od
798 1941 1058 2022 prospectum
1080 1930 1193 2018 Caspii
1212 1933 1325 1998 aare.

336 2056 427 2143 §AZ
438 2061 632 2138 corruptam
645 2072 724 2117 esse
736 2065 891 2139 apparet,
902 2053 964 2120 sed
977 2052 1055 2140 quid
1065 2053 1109 2116 ibi
1121 2051 1300 2136 legendum
1313 2053 1368 2133 sit,

260 2174 472 2260 ingeniosiori
496 2173 568 2238 viro
588 2172 822 2239 inveniendum
845 2171 1008 2258 relinquo.
1038 2170 1128 2258 §.52
1145 2171 1285 2236 Icarum
1304 2171 1371 2238 flu·

262 2313 330 2358 men
353 2313 523 2378 nusquam
547 2303 684 2377 praeter
704 2289 738 2356 h.
752 2290 773 2358 l.
794 2291 925 2356 obvium
947 2291 981 2355 in
1004 2289 1166 2354 Bactrum
1195 2293 1369 2376 corrigen-

263 2411 332 2476 dum
355 2433 435 2478 esse
457 2411 608 2478 Ritterus
631 2411 690 2476 As.
708 2409 746 2479 ll.
769 2434 800 2498 p.
816 2409 889 2476 560.
917 2411 1102 2496 perspexit.
1150 2409 1194 2476 Et
1222 2433 1260 2477 re
1286 2431 1370 2478 vera

263 2551 323 2597 non
341 2531 483 2596 leonem
504 2529 629 2596 habent
650 2529 749 2598 codd.
767 2529 867 2615 Mss,
898 2530 960 2595 sed
982 2529 1122 2594 [nomm
1142 2530 1176 2596 R
1198 2541 1231 2597 et
1253 2531 1370 2599 melius

265 2652 358 2716 etiam
376 2649 546 2715 Iacltmm
564 2647 652 2717 Tl'd.
1221 2656 1224 2660 ’

687 2803 737 2882 58
749 2844 788 2877 =
801 2805 863 2901 17,
876 2804 939 2881 21.
1391 2814 1451 2879 120

311 2941 471 3044 (India)
498 2942 680 3041 patefacta
706 2950 822 3016 est...
851 2952 889 3015 et
914 2940 995 3017 aliis
1017 2917 1232 3063 pectoribus
1249 2941 1370 3019 Grae-

313 3077 364 3153 cis
391 3076 456 3177 qui
484 3101 567 3153 cum
593 3078 743 3179 regibus
769 3075 909 3153 Indicis
936 3078 1087 3175 morati,
1125 3079 1221 3155 sicut
1244 3078 1371 3177 Mega-

311 3216 460 3289 sthenes
488 3233 524 3289 et
549 3216 753 3316 Dionysius
781 3214 1067 3317 aPlriladelpho
1095 3216 1230 3293 missus
1256 3239 1306 3289 ox
1328 3238 1372 3287 ea

312 3374 433 3444 causa,
461 3350 561 3427 vires
587 3378 734 3453 quoque
762 3353 926 3454 gentium
946 3354 1161 3454 prodidere.

345 3488 443 3564 Quae
465 3487 598 3553 taudem
622 3508 727 3569 eausa
750 3488 860 3567 fuerit,
883 3510 945 3555 eur
961 3490 1005 3554 ad
1026 3508 1128 3574 reges
1148 3488 1304 3554 ludorum
1325 3488 1373 3555 le·

269 3606 332 3690 gati
351 3608 578 3686 mitterentur,
607 3628 627 3672 e
650 3608 746 3673 Plinii
765 3608 877 3673 verbis
899 3628 966 3671 non
987 3607 1121 3673 elucere
1143 3619 1239 3673 recte
1260 3618 1374 3673 monet

270 3723 556 3791 Schwaubeckius
571 3726 621 3791 De
634 3722 857 3811 Megasthene
872 3725 965 3811 pio.
989 3728 1106 3813 Neque
1126 3745 1199 3790 earu
1222 3726 1373 3791 indicare

269 3843 297 3907 in
316 3846 425 3911 animo
448 3844 574 3931 habuit,
597 3846 659 3912 sed
680 3858 863 3933 propterea
883 3847 975 3911 vires
996 3845 1111 3931 populi
1133 3864 1174 3908 ac
1197 3842 1373 3908 multitudi-

269 3982 337 4029 nem
358 3963 552 4029 accuratius
574 3983 595 4028 a
614 3965 736 4051 legatis
767 3965 912 4031 describi
942 3968 1094 4048 potuisse
1116 3964 1265 4046 tradidit,
1291 3981 1375 4049 quo·

270 4085 349 4149 uiam
379 4084 502 4149 diutius
527 4086 616 4169 apud
647 4105 748 4171 reges
779 4086 898 4151 morati
931 4095 1061 4164 esseut,
1099 4084 1212 4150 addita
1241 4080 1375 4149 scilicet

270 4222 366 4269 causa
387 4224 487 4289 quam
510 4200 562 4267 his
585 4204 697 4268 verbis
718 4204 751 4269 in
772 4204 901 4269 inoerto
924 4202 1057 4287 reliquit
1078 4204 1202 4269 Strabo
1220 4204 1257 4269 ll.
1274 4224 1305 4286 p.
1316 4200 1374 4265 702

270 4319 481 4409 iaropm'prura
501 4323 555 4405 τῆς
577 4321 760 4410 ἀποδημίας
780 4322 950 4389 eurtum
967 4322 1110 4406 τοιαῦτα,
1131 4322 1183 4406 ὑφ’
1199 4312 1237 4403 ἧς
1249 4318 1289 4401 δή
1301 4342 1375 4407 auore

271 4439 367 4519 atriae,-
388 4438 619 4527 uqoaqaiuree.
653 4441 752 4507 Unde
772 4439 989 4526 consequitur
1011 4440 1278 4525 interpunctione
1300 4460 1374 4505 eor·

272 4572 358 4625 recta
379 4560 559 4646 legendum
584 4582 680 4627 esse:
702 4562 832 4641 musae,
855 4582 898 4626 ex
918 4580 960 4625 ea
980 4580 1082 4626 cuasa
1100 4561 1188 4625 uires
1209 4558 1270 4625 rel.
