3700 5625
936 735 1026 818 teter
1045 751 1082 816 X
1083 741 1135 826 VI.

529 953 662 1053 giosus
689 953 721 1029 si
746 951 894 1051 quando
919 952 1196 1052 amplitudinem
1224 953 1371 1030 hiennio
1400 952 1585 1029 extendis-

530 1091 597 1176 set,
625 1085 725 1184 qnod
742 1089 907 1161 notatum
921 1087 1020 1184 apud
1039 1083 1279 1163 Chaeroniam
1295 1086 1453 1163 infausto
1470 1086 1586 1162 Athe-

531 1207 713 1294 niensium
736 1223 774 1293 et
801 1240 934 1318 saepe;
961 1216 1121 1294 Lebaida
1138 1227 1291 1295 vocatur
1316 1217 1491 1296 influente
1520 1216 1586 1295 Ce-

474 1385 477 1391 ·
530 1349 651 1452 phiso.
979 1333 984 1343 l

561 1482 641 1548 Inde
665 1503 685 1545 a
706 1483 734 1566 5.
758 1482 819 1548 166
840 1481 882 1545 ad
906 1459 1153 1546 Orchomeniam
1169 1480 1380 1546 harundinem
1402 1503 1499 1568 quam
1521 1484 1581 1546 iam

481 1600 510 1684 fi.
524 1600 585 1668 162
601 1605 866 1687 commemoraret
885 1597 1162 1683 Theophrastique
1177 1598 1424 1684 descriptionem
1438 1601 1484 1664 ita
1495 1599 1599 1682 redit(

478 1723 515 1781 ut
536 1717 631 1782 simul
653 1737 726 1781 eum
750 1715 803 1801 qui
825 1735 883 1779 sua
902 1723 1009 1779 aetate
1030 1688 1209 1781 invaluerat
1223 1737 1317 1780 usum
1330 1717 1480 1802 attingat.
1502 1718 1585 1784 Hine

478 1840 658 1920 temporum
680 1834 818 1899 varietas
835 1834 862 1916 §.
878 1833 938 1900 169
949 1841 980 1897 61
998 1833 1064 1914 171,
1087 1833 1142 1898 ubi
1164 1837 1362 1917 apraesenti
1383 1843 1529 1921 tempore
1543 1835 1581 1898 ad

477 1951 699 2038 imperfectum
727 1950 883 2031 deflentit,
916 1972 980 2014 non
1023 1957 1074 2014 est
1111 1950 1326 2034 sollicitanda,
1372 1952 1583 2018 condonanda

479 2089 606 2157 quoque
640 2070 778 2135 auctoris
811 2068 1011 2133 festinationi
1046 2089 1085 2133 ea
1122 2069 1275 2134 orationis
1309 2069 1489 2136 obscuritas
1523 2090 1584 2156 qua

478 2188 507 2273 ξ.
532 2188 593 2256 168
615 2188 709 2256 6169
731 2189 907 2252 aeneadae
931 2195 963 2252 61
984 2191 1042 2252 hoo
1063 2193 1202 2268 temporis
1223 2194 1320 2267 spatio
1345 2189 1581 2254 ennaetem'dem

478 2326 550 2372 ease
572 2306 680 2389 voluit,
705 2326 768 2392 qua
791 2314 906 2370 exaota
927 2283 1031 2380 tibiae
1047 2305 1080 2368 in
1102 2325 1194 2370 usum
1215 2305 1364 2370 ludorum
1388 2306 1579 2392 colligeban-

394 2479 398 2487 ,
476 2430 544 2508 tur3
574 2445 657 2509 quae
679 2445 754 2489 1610
776 2424 810 2487 in
831 2425 910 2511 ipsis
932 2423 1028 2488 Plinii
1050 2423 1155 2487 verbis
1186 2430 1297 2508 aperte
1318 2425 1530 2510 repugnantia
1551 2430 1581 2488 et

355 2543 360 2551 '
476 2543 653 2628 incongrua
673 2542 893 2628 reperiuntur,
925 2562 990 2606 non
1021 2540 1142 2604 auctori
1170 2539 1227 2604 sed
1248 2540 1384 2606 librariis
1414 2541 1580 2606 tribuenda

476 2666 560 2726 sunt.
584 2659 654 2735 Quo
668 2661 809 2724 maxime
830 2660 969 2745 pertinet
990 2678 1096 2721 rerum
1112 2657 1145 2721 in
1163 2657 1226 2720 fine
1247 2679 1362 2723 sensns
1385 2659 1578 2738 diversarum

476 2778 667 2844 coniunctio,
711 2778 804 2855 Quod
828 2781 911 2843 enim
931 2781 1068 2858 prodierit
1095 2765 1196 2840 instar
1223 2776 1404 2842 habebatur
1431 2778 1463 2843 id
1492 2799 1579 2859 saepe

475 2896 620 2962 aooidere
656 2919 721 2961 non
748 2903 883 2983 poterat.
925 2898 1039 2982 Itaque
1062 2894 1146 2958 huno
1176 2896 1280 2959 looum
1304 2904 1487 2982 corruptum
1509 2919 1577 2962 esse

474 3023 609 3100 apparet
639 3022 672 3080 et
692 3017 724 3078 in
755 3014 887 3079 voeibus
918 3027 950 3078 et
970 3035 1063 3094 saepe
1099 3013 1175 3078 mali
1209 3016 1317 3078 sedem
1353 3015 1576 3101 quaerendam.

473 3132 546 3197 Hoo
568 3120 741 3199 senserunt
770 3131 899 3216 quidem
926 3132 1001 3196 inde
1025 3153 1045 3196 a
1067 3132 1225 3195 Salmasio
1252 3133 1311 3196 1111
1334 3132 1436 3217 doeti,
1471 3154 1574 3199 verum

473 3256 529 3315 aut
548 3251 624 3335 quid
650 3251 767 3315 inillis
789 3250 895 3315 verbis
915 3251 1049 3330 lateret,
1079 3269 1113 3314 se
1142 3269 1206 3312 non
1224 3250 1407 3345 perspioere
1441 3251 1575 3317 00116611

473 3373 563 3449 sunt,
594 3374 630 3433 ut
651 3368 826 3454 prudenter
847 3366 923 3432 feeit
945 3365 1022 3458 Sill,
1045 3372 1101 3431 aut
1121 3373 1223 3432 totum
1246 3367 1349 3432 looum
1371 3370 1480 3433 neseio
1503 3374 1576 3454 quot

445 3499 450 3513 ’
472 3483 603 3548 nomina
622 3486 751 3571 propria
772 3485 943 3550 inserendo
964 3474 1213 3569 'interpolarunt
1236 3468 1352 3551 Nonne
1375 3486 1460 3550 enim
1482 3486 1574 3550 inter-

386 3578 390 3589 ’
471 3601 592 3686 polavit
611 3601 728 3686 Ianus,
763 3622 834 3666 oum
859 3600 1090 3666 dubitationem
1119 3624 1183 3689 qua
1211 3616 1240 3667 et
1265 3624 1357 3685 saepe
1385 3606 1473 3670 inat
1496 3614 1575 3685 peste

471 3720 587 3783 mutari
608 3741 704 3806 posse
730 3720 846 3802 aiebat,
870 3722 977 3785 statiin
1001 3721 1098 3786 abiait
1113 3722 1315 3808 Pliniumque
1341 3724 1386 3788 sio
1399 3722 1467 3787 fere
1481 3724 1572 3806 serip-

470 3841 551 3904 sisse
584 3839 685 3903 videri
716 3839 917 3924 pronuntiat:
978 3838 1133 3919 ,Lebadia
1164 3840 1249 3905 unde
1277 3842 1406 3926 profluit
1428 3838 1574 3905 Probatia

470 3957 584 4022 fluvius
608 3957 729 4043 profert
751 3978 838 4039 eam,
875 3955 932 4021 ssd
955 3956 1223 4023 laudatissimam
1241 3958 1418 4023 inundatus
1448 3976 1572 4042 aampns

471 4076 524 4161 qui
547 4075 688 4141 Boedria
722 4073 1218 4159 1006111111111611606011160.ι
1261 4075 1353 4140 Idem
1381 4096 1458 4141 vero
1485 4094 1572 4161 prae·

471 4192 557 4257 alara
579 4193 717 4258 addidit:
758 4194 828 4276 ,nisi
850 4193 935 4257 10116
957 4194 1219 4258 001111611016111
1247 4194 1343 4258 etiam
1368 4193 1499 4279 Oephisi
1521 4192 1572 4256 da·

470 4311 658 4376 verticulum
680 4311 765 4397 quod
787 4309 1089 4387 1006116111Ὀξεῒα
1112 4312 1235 4397 καμπὴ.

552 4428 681 4492 Seilieet
701 4435 738 4493 ut
763 4428 853 4503 brevi
874 4428 1040 4493 absolvam
1062 4427 1135 4493 talis
1157 4429 1190 4492 in
1223 4428 1397 4515 archetypo
1420 4431 1510 4496 loeus
1531 4428 1571 4492 le·

469 4546 606 4632 gebatur
627 4545 741 4611 litteris
763 4552 830 4610 tum
853 4546 997 4612 evanidis
1020 4553 1086 4611 tum
1108 4567 1240 4631 prorsus
1263 4545 1391 4611 deletis:

547 4667 675 4709 rnauuo
705 4668 787 4708 ET..
814 4669 982 4707 Alam..
1016 4668 1042 4707 A.
1071 4669 1171 4707 Pu...

652 4738 822 4779 amalus
836 4739 978 4781 bocauna
991 4740 1168 4781 imitanum.
