3700 5625
710 738 802 800 ruer
823 738 916 801 mr.
1170 719 1172 724 ’
1312 737 1353 807 rr

266 937 337 996 rent:
359 950 435 994 nam
456 929 516 994 etei
535 928 625 1015 pulte
645 947 710 993 non
732 948 816 1016 pane
839 929 893 995 diu
914 929 1102 1014 utebantur,
1134 929 1171 996 of.
1194 930 1295 998 Varro
1317 934 1351 1000 L.

266 1047 296 1111 L.
315 1046 350 1110 V.
371 1047 433 1113 105
455 1053 488 1110 et
507 1045 630 1110 Plinius
653 1045 772 1111 XVIII.
796 1047 858 1130 83,
888 1045 929 1112 ad
967 1046 1191 1134 compendium
1225 1048 1353 1134 quidem

265 1164 331 1228 nihil
350 1164 520 1244 intererat,
547 1170 653 1228 utrum
675 1164 768 1250 panis
798 1184 838 1228 an
859 1164 957 1250 pultis
986 1164 1178 1230 desiderium
1201 1172 1358 1234 oreretur,

263 1283 301 1345 At
319 1259 466 1367 magnum
488 1281 571 1346 iuter
596 1301 635 1346 ea
656 1281 777 1345 olemm
799 1301 919 1367 genera
942 1281 1114 1347 discrimen
1134 1283 1354 1349 intercedebat

264 1418 335 1483 quae
354 1397 513 1462 Venerem
535 1398 719 1478 stimulant,
751 1419 942 1484 asparagos,
964 1398 1140 1484 raphanos,
1162 1420 1242 1486 rapa
1271 1401 1353 1486 dico,

263 1535 396 1606 quaeque
423 1535 495 1580 eam
518 1521 579 1579 aut
603 1514 748 1580 inhibent
781 1523 836 1580 aut
864 1536 929 1580 non
958 1517 1129 1597 concitant.
1173 1516 1353 1604 audaciore

219 1681 222 1688 .
262 1637 358 1696 temen
383 1633 522 1698 Pintiani
552 1634 735 1698 coniectura
770 1639 885 1698 venera
915 1639 966 1698 est
998 1654 1095 1718 quam
1125 1654 1207 1720 quae
1234 1636 1354 1730 probe·

262 1756 319 1812 tur:
341 1749 464 1814 facilius
487 1757 528 1833 ot,
550 1751 611 1815 uisi
632 1749 734 1834 fallor,
757 1751 936 1837 elegantius
959 1756 1139 1814 desiderium
1160 1773 1217 1839 per
1239 1775 1274 1819 se
1297 1775 1353 1840 po·

262 1868 346 1930 sitnm
372 1865 583 1951 intelligetur,
611 1871 647 1929 nt
675 1867 761 1955 apud
789 1867 960 1932 Horatium
991 1868 1083 1953 epod.
1107 1869 1156 1937 17.
1179 1869 1236 1954 80,
1269 1871 1354 1957 quod

263 1984 467 2072 dittographia
487 1983 623 2068 proximi
654 1985 802 2051 vocabuli
823 1992 1023 2072 corruptum,
1056 1992 1123 2052 tum
1158 2007 1258 2080 prava
1286 2008 1354 2052 cor·

214 2136 219 2153 ·
262 2104 392 2170 rectione
413 2101 640 2187 interpolatum
663 2110 720 2168 est.
758 2103 947 2188 Legeudum
968 2088 1065 2190 igitur
1086 2125 1158 2169 esee
1181 2101 1312 2172 censeo:

333 2232 361 2286 et
376 2240 454 2301 quae
473 2226 590 2285 minime
610 2227 808 2285 accenderent
820 2225 1011 2286 desiderium.
1036 2227 1113 2286 Parc
1134 2222 1189 2287 rol.

590 2419 598 2426 ·
708 2389 752 2464 61
766 2390 912 2476 =4,22.

306 2517 494 2612 Quaedam
529 2519 651 2595 iacent
686 2524 949 2618 crescuntque,
992 2524 1049 2595 ut.
1066 2520 1281 2622 ‚cucurbitae
1318 2529 1354 2599 et
1375 2429 1436 2570 395

305 2652 485 2746 cucumis3
513 2652 644 2728 eadem
669 2651 834 2751 pendent
859 2650 924 2728 rel.

334 2783 435 2849 Recte
466 2784 623 2871 Apuleius
656 2783 850 2871 singularem
882 2786 1041 2849 curreruito
1073 2783 1094 2849 i.
1130 2805 1155 2851 e.
1191 2786 1355 2853 cucurbita

262 2902 388 2988 scripsit,
411 2902 465 2989 qui
487 2902 587 2966 altero
610 2901 765 2966 vocabulo
788 2902 1000 2966 confirmatur.
1043 2902 1180 2967 Pluralis
1203 2924 1243 2969 ex
1264 2906 1354 2971 initio

260 3019 340 3083 vocis
369 3030 397 3084 et
424 3018 551 3105 prodiit.
594 3019 623 3104 ὃ.
646 3020 687 3087 64
717 3021 815 3083 Ianus
838 3019 920 3083 bene
948 3025 1104 3084 olitoribus
1135 3042 1200 3085 non
1229 3028 1357 3090 olitorio
1390 2993 1394 3005 ¹

260 3134 333 3221 legit
352 3157 369 3201 e
391 3136 564 3223 codicibus,
608 3136 796 3222 quibuscum
819 3136 978 3201 consentit
998 3136 1164 3223 Apuleius,
1197 3139 1237 3203 of.
1261 3138 1355 3206 Oolu-

260 3254 349 3318 mella
366 3254 424 3322 XL
442 3257 462 3322 3
483 3277 514 3341 p.
526 3254 587 3322 461
611 3254 661 3320 ed.
676 3253 748 3340 Bip.
767 3256 806 3318 {n
828 3255 973 3340 proximo
997 3275 1093 3319 sensu
1115 3244 1194 3320 eum¹
1208 3258 1355 3325 Pintiano

261 3377 290 3434 at
310 3372 502 3438 Schneidero
524 3372 696 3459 legendum
718 3378 767 3437 est
789 3384 842 3436 ant
862 3378 967 3440 mulso.

462 3533 667 3617 or=5,23.
699 3528 772 3622 (de
791 3527 935 3605 oucumi
961 3525 1140 3628 loquitur)

313 3707 344 3714 ·-
363 3682 461 3765 nova
486 3659 602 3737 forma
630 3683 757 3739 eorum
782 3661 820 3736 in
848 3660 1046 3761 Campania
1071 3664 1244 3763 provenit
1268 3663 1356 3739 mali
1428 3686 1436 3709 ·

306 3793 450 3871 cotonei
476 3792 601 3892 effigie
628 3838 671 3849 -

317 3925 398 3991 Infra
418 3931 548 3991 colorem
568 3932 813 4008 commemorat,
842 3945 942 4009 quare
964 3946 1004 3989 ex
1026 3924 1163 4012 Apuleio
1185 3926 1358 3992 inserenda

260 4040 400 4108 ridentur
420 4043 520 4110 verba
540 4048 642 4108 colore
663 4062 769 4109 aureo.

1377 3603 1439 3672 396

473 4164 680 4252 71:534.
714 4159 783 4255 (dc
810 4160 1008 4239 cucurbitis
1035 4160 1129 4261 agit)
1377 4199 1439 4268 397

308 4289 437 4372 Cortex
462 4294 571 4370 viridi
596 4300 702 4370 tener
710 4317 721 4394 3
758 4294 946 4370 deraditur
971 4291 1206 4371 nihilomiuus
1238 4295 1277 4371 in
1305 4296 1357 4372 oi-

308 4423 375 4501 bis,
422 4426 534 4513 Cibus
560 4425 709 4504 saluber
743 4450 789 4503 ao
813 4425 908 4503 levis
935 4424 1099 4527 pluribus
1123 4427 1267 4519 medie,
1309 4425 1357 4505 ex
1486 4510 1492 4533 ,

310 4553 368 4647 his
389 4565 508 4650 tamen
535 4560 598 4658 qui
625 4558 752 4659 perfici
776 4557 938 4638 humano
967 4565 1095 4649 ventre
1119 4581 1194 4639 uon
1220 4568 1358 4660 queant

309 4687 379 4764 sed
401 4690 656 4768 intumescant.
