3700 5625
490 589 553 658 ιιι
951 551 1054 656 aaa
1073 588 1139 656 rr.

489 776 642 844 vitiosum
656 794 735 842 esse
750 774 929 842 intellexit:
947 776 1082 844 facilius
1103 781 1213 843 tumen
1235 796 1334 863 quam
1355 775 1454 864 qood
1470 773 1528 844 ilie
1548 795 1598 843 cx·

489 895 650 980 cogitavit
669 895 852 960 remedium
874 903 910 959 ut
929 897 1021 979 porte
1033 913 1065 960 r.
1076 899 1173 982 porte
1192 906 1492 982 transponeretur,
1513 917 1600 982 repe-

488 1014 547 1081 riri
579 1025 724 1099 poterat.
781 1013 925 1080 Dativus
951 1015 1040 1078 euim
1069 1033 1172 1080 casus
1198 1016 1433 1082 restituendus
1463 1028 1535 1096 est,
1569 1029 1600 1082 ut

488 1133 600 1198 terras
611 1131 800 1198 ssunrinibus
812 1133 896 1197 mari
911 1134 1063 1200 invectas
1075 1153 1154 1198 esse
1168 1152 1251 1199 vere
1268 1143 1303 1199 et
1325 1136 1506 1220 aptissime
1527 1155 1600 1199 nar·

488 1264 596 1342 retum
627 1253 663 1316 id
688 1252 821 1317 dubium
842 1252 1040 1333 remanebit,
1064 1265 1173 1317 utrum
1194 1251 1228 1315 in
1247 1250 1314 1317 bac
1336 1255 1527 1320 mutatione
1547 1273 1600 1319 ac·

488 1373 728 1458 quiescendum
756 1392 835 1438 esse
864 1382 1051 1440 statuamus
1072 1392 1115 1437 an
1136 1371 1341 1456 probabilius
1364 1374 1470 1439 ctiam
1493 1393 1534 1439 eo
1554 1393 1600 1437 or.

488 1502 556 1556 tum
580 1511 659 1556 esse
682 1492 794 1556 vitium
817 1493 1032 1570 arbitremur,
1055 1492 1144 1577 quod
1164 1491 1210 1555 iu.
1225 1489 1312 1556 libro
1334 1492 1599 1577 protarcbetypo

487 1611 649 1696 scripturn
676 1609 775 1676 fuerit
800 1631 876 1674 uam
901 1632 963 1694 ιιι,
990 1610 1148 1675 litterisr
1170 1621 1204 1676 at
1225 1616 1309 1677 aut
1329 1609 1367 1676 fit
1390 1610 1598 1696 permutatis,

487 1728 577 1794 unde
600 1749 698 1815 quum
721 1730 917 1799 describere
938 1730 1101 1795 deberent
1118 1730 1208 1794 mari
1223 1730 1295 1810 sed,
1317 1730 1497 1797 effecerint
1516 1727 1598 1796 scri·

487 1849 551 1914 baa
572 1848 676 1912 ιιιαιίε
694 1849 740 1914 id.

409 2036 470 2104 ue
626 2017 628 2024 ’
905 2017 1107 2116 140228,
1123 2017 1182 2093 aa.
1316 2008 1334 2033 ‘

538 2189 701 2290 Quidam
726 2197 766 2265 et
791 2188 862 2265 alia
884 2188 926 2264 ll
953 2186 1091 2287 oppida
1114 2185 1233 2287 longis
1258 2185 1467 2265 intervallis
1494 2181 1595 2283 Tigri

534 2312 789 2425 praenavigari
814 2325 976 2420 tradunt,
997 2313 1222 2417 Barbetium,
1249 2347 1337 2398 mox
1360 2323 1592 2413 Thumatam,

510 2447 635 2560 ¹quod
662 2463 793 2536 abesse
820 2485 841 2535 a
865 2462 982 2537 Petra
1011 2461 1155 2536 diarum
1182 2459 1219 2536 X
1249 2459 1486 2560 navigatione
1514 2460 1592 2562 (ne

533 2595 735 2698 gatiatores
763 2596 891 2673 dicunt
922 2598 1223 2672 Characenorum
1255 2599 1335 2697 regi
1363 2595 1527 2698 parere)
1559 2603 1591 2668 et

533 2735 736 2836 Apameam
776 2734 884 2810 sitam
922 2734 985 2810 ubi
1014 2734 1240 2836 restagnatio
1272 2733 1481 2836 Euphratis
1514 2753 1590 2807 cum

534 2873 642 2974 Tigri
666 2875 838 2950 confluat.

565 3042 615 3107 lta
630 3040 777 3131 Silligius
798 3062 817 3107 e
832 3042 930 3108 codd.
940 3040 1007 3125 Rd,
1027 3040 1091 3105 nisi
1114 3039 1204 3126 quod
1224 3036 1300 3103 abes
1316 3040 1349 3103 iu
1361 3038 1518 3106 Rexstat
1534 3056 1588 3119 op·

480 3160 660 3247 pidumque
679 3160 885 3228 Dumatham
906 3181 1023 3226 omnes
1046 3158 1234 3246 appellant,
1253 3158 1426 3243 quodiam
1447 3159 1482 3225 iu
1501 3165 1588 3223 vetu-

480 3281 543 3345 stis
567 3280 767 3347 editionibus
789 3302 832 3346 ex
852 3279 924 3347 aliis
947 3280 1042 3347 libris
1055 3278 1144 3345 saiso
1159 3273 1379 3342 Taenariam
1400 3279 1459 3344 vel
1480 3276 1587 3363 potius

483 3396 679 3462 stammam
694 3401 851 3467 scribitur
865 3397 1091 3477 aPtoiemaeo
1103 3398 1161 3463 Vl.
1175 3398 1206 3462 7.
1215 3395 1268 3464 33.
1281 3406 1585 3463 commemoratum.

480 3515 701 3583 Consentiunt
721 3517 777 3585 ΘΤ
806 3527 963 3595 eatenus,
994 3516 1084 3601 quod
1106 3536 1223 3582 vocem
1246 3516 1352 3579 casiri
1377 3534 1466 3599 quae
1491 3508 1585 3594 vulgo

478 3648 557 3701 ante
575 3637 789 3725 nepotiutares
805 3636 1041 3719 praemittitur,
1052 3634 1213 3701 omittunt.
1258 3632 1587 3723 Gbaraaeuommque

477 3755 577 3844 vulgo
601 3758 758 3823 scribitur
779 3775 799 3821 c
823 3754 938 3832 codd,
965 3764 1002 3817 ut
1021 3754 1169 3829 ridetur,
1191 3758 1328 3838 praeter
1348 3751 1403 3815 Rd
1423 3751 1585 3816 omnibus·

478 3877 653 3942 Postremo
682 3877 852 3942 inversum
881 3873 1032 3938 ordinem
1062 3872 1174 3937 decem
1203 3870 1333 3933 dierum
1365 3889 1483 3935 omnes
1513 3861 1585 3933 iibri

477 3964 619 4081 excapto
640 3996 673 4061 R
694 3997 850 4062 ridentur
872 3991 1046 4059 exhibere.
1097 3992 1167 4055 lam
1192 4010 1275 4054 vero
1300 4008 1348 4053 nc
1372 3990 1430 4071 sic¹
1454 3977 1583 4075 quidem

476 4113 643 4200 quamodo
666 4136 686 4178 a
708 4113 837 4201 Siliigio
859 4110 1116 4194 constituuntur,
1143 4128 1231 4173 sana
1250 4128 1329 4173 esse
1354 4109 1461 4174 verba
1478 4100 1582 4174 tacite

476 4244 528 4299 est
541 4231 720 4303 intellectu.
764 4234 908 4298 Primum
932 4231 1019 4294 enim
1040 4248 1106 4294 ιιοιι
1131 4229 1196 4293 duo
1212 4229 1273 4293 sed
1289 4227 1351 4293 tria
1365 4228 1492 4313 oppida
1504 4244 1580 4305 enu-

475 4362 659 4418 merantur:
688 4352 810 4416 deinde
832 4349 993 4433 oppidum
1014 4345 1179 4412 Tbumata
1205 4349 1239 4413 in
1262 4346 1372 4413 medio
1394 4347 1580 4411 continente

473 4473 561 4539 iuter
583 4471 716 4535 Petram
738 4480 773 4534 et
795 4468 982 4534 Gbaraoem
1003 4468 1103 4533 situm
1129 4467 1172 4531 ab
1199 4486 1298 4531 amne
1325 4465 1417 4551 Tigri
1442 4480 1578 4549 prorsas

473 4590 616 4657 alienum
639 4601 707 4657 ast:
727 4598 900 4674 postremo
922 4586 1088 4672 quomodo
1109 4585 1323 4671 navigatione
1342 4607 1363 4650 a
1376 4584 1476 4652 Petra
1496 4582 1577 4650 'lba-
