<?xml version="1.0" encoding="UTF-8"?>
<!DOCTYPE html PUBLIC "-//W3C//DTD XHTML 1.0 Transitional//EN"
    "http://www.w3.org/TR/xhtml1/DTD/xhtml1-transitional.dtd">
<html xmlns="http://www.w3.org/1999/xhtml" xml:lang="en" lang="en">
 <head>
  <title>
</title>
<meta http-equiv="Content-Type" content="text/html;charset=utf-8" />
  <meta name='ocr-system' content='tesseract 3.04.00' />
  <meta name='ocr-capabilities' content='ocr_page ocr_carea ocr_par ocr_line ocrx_word'/>
</head>
<body>
  <div class='ocr_page' id='page_1' title='image "./vindiciaeplinia01urligoog_0100.png"; bbox 0 0 3700 5625; ppageno 0'>
   <div class='ocr_carea' id='block_1_1' title="bbox 480 576 1134 652">
    <p class='ocr_par' dir='ltr' id='par_1_1' title="bbox 480 576 1134 652">
     <span class='ocr_line' id='line_1_1' title="bbox 480 576 1134 652; baseline -0.012 0"><span class='ocrx_word' id='word_1_1' title='bbox 480 583 524 652; x_wconf 84' lang='lat'><strong>88</strong></span> <span class='ocrx_word' id='word_1_2' title='bbox 945 578 1047 646; x_wconf 77' lang='lat' dir='ltr'><strong>Liber</strong></span> <span class='ocrx_word' id='word_1_3' title='bbox 1067 576 1134 645; x_wconf 77' lang='lat' dir='ltr'><strong>Vt.</strong></span> 
     </span>
    </p>
   </div>
   <div class='ocr_carea' id='block_1_2' title="bbox 482 762 1612 2758">
    <p class='ocr_par' dir='ltr' id='par_1_2' title="bbox 482 762 1612 2758">
     <span class='ocr_line' id='line_1_2' title="bbox 482 762 1610 850; baseline -0.005 -14"><span class='ocrx_word' id='word_1_4' title='bbox 482 770 701 836; x_wconf 87' lang='lat' dir='ltr'><strong>Amazonum</strong></span> <span class='ocrx_word' id='word_1_5' title='bbox 730 766 904 833; x_wconf 86' lang='lat' dir='ltr'><strong>connubiis</strong></span> <span class='ocrx_word' id='word_1_6' title='bbox 946 766 1055 834; x_wconf 87' lang='lat' dir='ltr'><strong>coacti</strong></span> <span class='ocrx_word' id='word_1_7' title='bbox 1094 773 1278 832; x_wconf 87' lang='lat' dir='ltr'><strong>uterentur.</strong></span> <span class='ocrx_word' id='word_1_8' title='bbox 1329 764 1517 850; x_wconf 80' lang='lat' dir='ltr'><strong>Lepidam</strong></span> <span class='ocrx_word' id='word_1_9' title='bbox 1547 762 1610 830; x_wconf 88' lang='lat' dir='ltr'><strong>lle-</strong></span> 
     </span>
     <span class='ocr_line' id='line_1_3' title="bbox 484 883 1611 972; baseline -0.004 -19"><span class='ocrx_word' id='word_1_10' title='bbox 484 888 595 955; x_wconf 91' lang='lat' dir='ltr'><strong>rodoti</strong></span> <span class='ocrx_word' id='word_1_11' title='bbox 625 886 851 954; x_wconf 81' lang='lat' dir='ltr'><strong>narrationem</strong></span> <span class='ocrx_word' id='word_1_12' title='bbox 878 883 936 952; x_wconf 91' lang='lat' dir='ltr'><strong>1v.</strong></span> <span class='ocrx_word' id='word_1_13' title='bbox 961 885 1023 950; x_wconf 91' lang='grc'><strong>110</strong></span> <span class='ocrx_word' id='word_1_14' title='bbox 1045 906 1139 972; x_wconf 86' lang='lat' dir='ltr'><strong>sqq.,</strong></span> <span class='ocrx_word' id='word_1_15' title='bbox 1178 883 1363 953; x_wconf 80' lang='lat' dir='ltr'><strong>Strabonis</strong></span> <span class='ocrx_word' id='word_1_16' title='bbox 1400 884 1611 951; x_wconf 73' lang='lat' dir='ltr'><strong>dissertatio.</strong></span> 
     </span>
     <span class='ocr_line' id='line_1_4' title="bbox 484 1002 1610 1091; baseline -0.003 -18"><span class='ocrx_word' id='word_1_17' title='bbox 484 1028 562 1073; x_wconf 90' lang='lat' dir='ltr'><strong>nem</strong></span> <span class='ocrx_word' id='word_1_18' title='bbox 585 1007 643 1072; x_wconf 91' lang='lat' dir='ltr'><strong>Xl.</strong></span> <span class='ocrx_word' id='word_1_19' title='bbox 666 1027 698 1091; x_wconf 91' lang='lat' dir='ltr'><strong>p.</strong></span> <span class='ocrx_word' id='word_1_20' title='bbox 714 1006 786 1072; x_wconf 78' lang='lat'>504.</span> <span class='ocrx_word' id='word_1_21' title='bbox 808 1017 844 1072; x_wconf 92' lang='lat' dir='ltr'><strong>ut</strong></span> <span class='ocrx_word' id='word_1_22' title='bbox 862 1007 1021 1084; x_wconf 89' lang='lat' dir='ltr'><strong>omittam,</strong></span> <span class='ocrx_word' id='word_1_23' title='bbox 1040 1025 1140 1070; x_wconf 91' lang='lat' dir='ltr'><strong>unum</strong></span> <span class='ocrx_word' id='word_1_24' title='bbox 1162 1024 1182 1068; x_wconf 91' lang='lat' dir='ltr'><strong>e</strong></span> <span class='ocrx_word' id='word_1_25' title='bbox 1204 1002 1338 1086; x_wconf 91' lang='lat' dir='ltr'><strong>Periplo</strong></span> <span class='ocrx_word' id='word_1_26' title='bbox 1368 1003 1477 1070; x_wconf 86' lang='lat' dir='ltr'><strong>Ponti</strong></span> <span class='ocrx_word' id='word_1_27' title='bbox 1497 1003 1610 1070; x_wconf 82' lang='lat' dir='ltr'><strong>Euxini</strong></span> 
     </span>
     <span class='ocr_line' id='line_1_5' title="bbox 484 1120 1612 1212; baseline -0.003 -21"><span class='ocrx_word' id='word_1_28' title='bbox 484 1127 571 1212; x_wconf 82' lang='lat' dir='ltr'><strong>pl.</strong></span> <span class='ocrx_word' id='word_1_29' title='bbox 596 1125 705 1190; x_wconf 91' lang='lat' dir='ltr'><strong>locum</strong></span> <span class='ocrx_word' id='word_1_30' title='bbox 732 1147 808 1190; x_wconf 92' lang='lat' dir='ltr'><strong>cum</strong></span> <span class='ocrx_word' id='word_1_31' title='bbox 828 1123 1001 1190; x_wconf 88' lang='lat' dir='ltr'><strong>Harduino</strong></span> <span class='ocrx_word' id='word_1_32' title='bbox 1024 1121 1175 1188; x_wconf 87' lang='lat' dir='ltr'><strong>attulisse</strong></span> <span class='ocrx_word' id='word_1_33' title='bbox 1197 1120 1364 1206; x_wconf 85' lang='lat' dir='ltr'><strong>sufficiet,</strong></span> <span class='ocrx_word' id='word_1_34' title='bbox 1397 1125 1461 1188; x_wconf 92' lang='lat' dir='ltr'><strong>ubi</strong></span> <span class='ocrx_word' id='word_1_35' title='bbox 1491 1124 1612 1189; x_wconf 89' lang='lat' dir='ltr'><strong>diserte</strong></span> 
     </span>
     <span class='ocr_line' id='line_1_6' title="bbox 487 1242 1612 1332; baseline -0.004 -21"><span class='ocrx_word' id='word_1_36' title='bbox 487 1246 725 1312; x_wconf 82' lang='lat' dir='ltr'><strong>commercium</strong></span> <span class='ocrx_word' id='word_1_37' title='bbox 758 1244 835 1311; x_wconf 89' lang='lat' dir='ltr'><strong>illud</strong></span> <span class='ocrx_word' id='word_1_38' title='bbox 870 1266 935 1332; x_wconf 92' lang='lat' dir='ltr'><strong>quo</strong></span> <span class='ocrx_word' id='word_1_39' title='bbox 963 1243 1140 1309; x_wconf 82' lang='lat' dir='ltr'><strong>Sarmatae</strong></span> <span class='ocrx_word' id='word_1_40' title='bbox 1166 1262 1242 1306; x_wconf 90' lang='lat' dir='ltr'><strong>cum</strong></span> <span class='ocrx_word' id='word_1_41' title='bbox 1268 1242 1513 1308; x_wconf 83' lang='lat' dir='ltr'><strong>Amazonibus</strong></span> <span class='ocrx_word' id='word_1_42' title='bbox 1542 1265 1612 1308; x_wconf 90' lang='lat' dir='ltr'><strong>con.</strong></span> 
     </span>
     <span class='ocr_line' id='line_1_7' title="bbox 485 1361 1611 1450; baseline -0.002 -20"><span class='ocrx_word' id='word_1_43' title='bbox 485 1365 577 1449; x_wconf 91' lang='lat' dir='ltr'><strong>iungi</strong></span> <span class='ocrx_word' id='word_1_44' title='bbox 601 1363 862 1450; x_wconf 89' lang='lat' dir='ltr'><strong>perhibebantur</strong></span> <span class='ocrx_word' id='word_1_45' title='bbox 895 1383 1002 1428; x_wconf 90' lang='lat' dir='ltr'><strong>causa</strong></span> <span class='ocrx_word' id='word_1_46' title='bbox 1025 1361 1233 1448; x_wconf 82' lang='lat' dir='ltr'><strong>cognominis</strong></span> <span class='ocrx_word' id='word_1_47' title='bbox 1259 1361 1487 1448; x_wconf 85' lang='lat' dir='ltr'><strong>ignominiosi</strong></span> <span class='ocrx_word' id='word_1_48' title='bbox 1512 1361 1611 1428; x_wconf 85' lang='lat' dir='ltr'><strong>fuisse</strong></span> 
     </span>
     <span class='ocr_line' id='line_1_8' title="bbox 488 1478 1612 1568; baseline 0.001 -22"><span class='ocrx_word' id='word_1_49' title='bbox 488 1483 638 1548; x_wconf 80' lang='lat' dir='ltr'><strong>traditur.</strong></span> <span class='ocrx_word' id='word_1_50' title='bbox 682 1480 814 1560; x_wconf 70' lang='grc' dir='ltr'>Τούτοις</span> <span class='ocrx_word' id='word_1_51' title='bbox 835 1479 869 1550; x_wconf 75' lang='lat' dir='ltr'><strong>dh</strong></span> <span class='ocrx_word' id='word_1_52' title='bbox 889 1483 1100 1568; x_wconf 59' lang='lat' dir='ltr'><strong>irreptapiffao</strong></span> <span class='ocrx_word' id='word_1_53' title='bbox 1122 1478 1180 1558; x_wconf 69' lang='lat' dir='ltr'><strong>tole</strong></span> <span class='ocrx_word' id='word_1_54' title='bbox 1196 1479 1383 1567; x_wconf 77' lang='grc' dir='ltr'><strong>Ἀμαζόνας</strong></span> <span class='ocrx_word' id='word_1_55' title='bbox 1406 1487 1479 1558; x_wconf 64' lang='grc' dir='ltr'><strong>τοῖς</strong></span> <span class='ocrx_word' id='word_1_56' title='bbox 1500 1495 1612 1567; x_wconf 79' lang='grc' dir='ltr'><strong><em>Σαυρο-</em></strong></span> 
     </span>
     <span class='ocr_line' id='line_1_9' title="bbox 487 1597 1612 1688; baseline -0.001 -21"><span class='ocrx_word' id='word_1_57' title='bbox 487 1599 607 1687; x_wconf 67' lang='grc' dir='ltr'><strong><em>μάταις</em></strong></span> <span class='ocrx_word' id='word_1_58' title='bbox 620 1599 786 1688; x_wconf 73' lang='grc' dir='ltr'><strong><em>λέγουσιν,</em></strong></span> <span class='ocrx_word' id='word_1_59' title='bbox 808 1600 973 1679; x_wconf 55' lang='grc' dir='ltr'><strong>ἐλθούσας</strong></span> <span class='ocrx_word' id='word_1_60' title='bbox 993 1597 1066 1667; x_wconf 70' lang='lat' dir='ltr'><strong>sori</strong></span> <span class='ocrx_word' id='word_1_61' title='bbox 1087 1598 1151 1668; x_wconf 73' lang='lat' dir='ltr'><strong>cinth</strong></span> <span class='ocrx_word' id='word_1_62' title='bbox 1169 1601 1223 1683; x_wconf 65' lang='grc' dir='ltr'><strong>τῆς</strong></span> <span class='ocrx_word' id='word_1_63' title='bbox 1236 1599 1304 1687; x_wconf 76' lang='grc' dir='ltr'><em>περὶ</em></span> <span class='ocrx_word' id='word_1_64' title='bbox 1322 1599 1381 1668; x_wconf 79' lang='lat' dir='ltr'><strong>rhu</strong></span> <span class='ocrx_word' id='word_1_65' title='bbox 1395 1598 1612 1687; x_wconf 61' lang='lat' dir='ltr'><strong>&amp;appetitionum</strong></span> 
     </span>
     <span class='ocr_line' id='line_1_10' title="bbox 486 1714 1610 1808; baseline -0.001 -24"><span class='ocrx_word' id='word_1_66' title='bbox 486 1719 662 1806; x_wconf 73' lang='grc' dir='ltr'><strong><em>γενομένης</em></strong></span> <span class='ocrx_word' id='word_1_67' title='bbox 674 1719 805 1806; x_wconf 76' lang='grc' dir='ltr'><strong><em>μάχης·</em></strong></span> <span class='ocrx_word' id='word_1_68' title='bbox 828 1720 878 1806; x_wconf 80' lang='grc' dir='ltr'><strong>ἐφ’</strong></span> <span class='ocrx_word' id='word_1_69' title='bbox 904 1714 962 1798; x_wconf 74' lang='grc' dir='ltr'><strong>οἷς</strong></span> <span class='ocrx_word' id='word_1_70' title='bbox 980 1719 1205 1804; x_wconf 57' lang='grc' dir='ltr'><strong><em>ἒπεκλήξησαν</em></strong></span> <span class='ocrx_word' id='word_1_71' title='bbox 1222 1722 1253 1787; x_wconf 82' lang='lat' dir='ltr'><strong>oi</strong></span> <span class='ocrx_word' id='word_1_72' title='bbox 1267 1720 1487 1808; x_wconf 68' lang='grc' dir='ltr'><strong><em>Σαυρομάται</em></strong></span> <span class='ocrx_word' id='word_1_73' title='bbox 1501 1732 1610 1786; x_wconf 81' lang='grc' dir='ltr'><strong><em>Γυναι·</em></strong></span> 
     </span>
     <span class='ocr_line' id='line_1_11' title="bbox 487 1838 1611 1928; baseline -0.004 -23"><span class='ocrx_word' id='word_1_74' title='bbox 487 1838 749 1925; x_wconf 70' lang='grc' dir='ltr'><strong><em>οωκρατούμευοι.</em></strong></span> <span class='ocrx_word' id='word_1_75' title='bbox 789 1839 841 1905; x_wconf 86' lang='lat' dir='ltr'><strong>Cf.</strong></span> <span class='ocrx_word' id='word_1_76' title='bbox 855 1840 996 1926; x_wconf 87' lang='lat' dir='ltr'><strong>Dionys.</strong></span> <span class='ocrx_word' id='word_1_77' title='bbox 1011 1839 1144 1926; x_wconf 86' lang='lat' dir='ltr'><strong>Perieg.</strong></span> <span class='ocrx_word' id='word_1_78' title='bbox 1160 1839 1233 1908; x_wconf 82' lang='lat'><strong>656.</strong></span> <span class='ocrx_word' id='word_1_79' title='bbox 1287 1841 1494 1928; x_wconf 88' lang='lat' dir='ltr'><strong>Requiritur</strong></span> <span class='ocrx_word' id='word_1_80' title='bbox 1519 1839 1611 1923; x_wconf 88' lang='lat' dir='ltr'><strong>igitur</strong></span> 
     </span>
     <span class='ocr_line' id='line_1_12' title="bbox 488 1956 1610 2047; baseline -0.001 -26"><span class='ocrx_word' id='word_1_81' title='bbox 488 1959 578 2044; x_wconf 90' lang='lat' dir='ltr'><strong>apud</strong></span> <span class='ocrx_word' id='word_1_82' title='bbox 604 1958 743 2024; x_wconf 87' lang='lat' dir='ltr'><strong>Plinium</strong></span> <span class='ocrx_word' id='word_1_83' title='bbox 767 1959 933 2044; x_wconf 88' lang='lat' dir='ltr'><strong>particula</strong></span> <span class='ocrx_word' id='word_1_84' title='bbox 956 1979 1021 2047; x_wconf 90' lang='lat' dir='ltr'><strong>qua</strong></span> <span class='ocrx_word' id='word_1_85' title='bbox 1043 1972 1182 2045; x_wconf 86' lang='lat' dir='ltr'><strong>propter</strong></span> <span class='ocrx_word' id='word_1_86' title='bbox 1204 1960 1418 2030; x_wconf 78' lang='lat' dir='ltr'><strong>Amazonum</strong></span> <span class='ocrx_word' id='word_1_87' title='bbox 1438 1956 1610 2024; x_wconf 41' lang='lat' dir='ltr'><strong>*connubia</strong></span> 
     </span>
     <span class='ocr_line' id='line_1_13' title="bbox 488 2076 1610 2162; baseline -0.004 -18"><span class='ocrx_word' id='word_1_88' title='bbox 488 2079 663 2144; x_wconf 87' lang='lat' dir='ltr'><strong>Sarmatas</strong></span> <span class='ocrx_word' id='word_1_89' title='bbox 686 2079 732 2142; x_wconf 88' lang='lat' dir='ltr'><strong>ita</strong></span> <span class='ocrx_word' id='word_1_90' title='bbox 754 2076 947 2162; x_wconf 89' lang='lat' dir='ltr'><strong>appellatos</strong></span> <span class='ocrx_word' id='word_1_91' title='bbox 974 2099 1051 2144; x_wconf 90' lang='lat' dir='ltr'><strong>esse</strong></span> <span class='ocrx_word' id='word_1_92' title='bbox 1076 2079 1252 2144; x_wconf 89' lang='lat' dir='ltr'><strong>iudicetur.</strong></span> <span class='ocrx_word' id='word_1_93' title='bbox 1296 2080 1435 2155; x_wconf 87' lang='lat' dir='ltr'><strong>Quodsi</strong></span> <span class='ocrx_word' id='word_1_94' title='bbox 1457 2099 1545 2144; x_wconf 85' lang='lat' dir='ltr'><strong>vero</strong></span> <span class='ocrx_word' id='word_1_95' title='bbox 1565 2096 1610 2139; x_wconf 90' lang='lat' dir='ltr'><strong>re·</strong></span> 
     </span>
     <span class='ocr_line' id='line_1_14' title="bbox 487 2194 1609 2284; baseline -0.001 -24"><span class='ocrx_word' id='word_1_96' title='bbox 487 2197 678 2282; x_wconf 84' lang='lat' dir='ltr'><strong>putaveris,</strong></span> <span class='ocrx_word' id='word_1_97' title='bbox 705 2218 805 2284; x_wconf 89' lang='lat' dir='ltr'><strong>quam</strong></span> <span class='ocrx_word' id='word_1_98' title='bbox 830 2196 931 2262; x_wconf 89' lang='lat' dir='ltr'><strong>facile</strong></span> <span class='ocrx_word' id='word_1_99' title='bbox 952 2197 1056 2284; x_wconf 90' lang='lat' dir='ltr'><strong>longo</strong></span> <span class='ocrx_word' id='word_1_100' title='bbox 1084 2209 1117 2262; x_wconf 92' lang='lat' dir='ltr'><strong>et</strong></span> <span class='ocrx_word' id='word_1_101' title='bbox 1137 2196 1270 2263; x_wconf 88' lang='lat' dir='ltr'><strong>insolito</strong></span> <span class='ocrx_word' id='word_1_102' title='bbox 1292 2199 1469 2265; x_wconf 87' lang='lat' dir='ltr'><strong>vocabulo</strong></span> <span class='ocrx_word' id='word_1_103' title='bbox 1500 2194 1609 2263; x_wconf 89' lang='lat' dir='ltr'><strong>similis</strong></span> 
     </span>
     <span class='ocr_line' id='line_1_15' title="bbox 488 2314 1608 2404; baseline 0.001 -25"><span class='ocrx_word' id='word_1_104' title='bbox 488 2316 653 2401; x_wconf 84' lang='lat' dir='ltr'><strong>quaedam</strong></span> <span class='ocrx_word' id='word_1_105' title='bbox 677 2317 1075 2383; x_wconf 86' lang='lat' dir='ltr'><strong>ultimarumlitterarum</strong></span> <span class='ocrx_word' id='word_1_106' title='bbox 1098 2317 1221 2382; x_wconf 87' lang='lat' dir='ltr'><strong>vocula</strong></span> <span class='ocrx_word' id='word_1_107' title='bbox 1246 2319 1428 2385; x_wconf 80' lang='lat' dir='ltr'><strong>absorberi</strong></span> <span class='ocrx_word' id='word_1_108' title='bbox 1457 2314 1608 2404; x_wconf 86' lang='lat' dir='ltr'><strong>potuerit,</strong></span> 
     </span>
     <span class='ocr_line' id='line_1_16' title="bbox 490 2433 1607 2519; baseline -0.001 -20"><span class='ocrx_word' id='word_1_109' title='bbox 490 2445 523 2499; x_wconf 86' lang='lat' dir='ltr'><strong>et</strong></span> <span class='ocrx_word' id='word_1_110' title='bbox 550 2446 675 2519; x_wconf 89' lang='lat' dir='ltr'><strong>quanta</strong></span> <span class='ocrx_word' id='word_1_111' title='bbox 702 2435 788 2500; x_wconf 91' lang='lat' dir='ltr'><strong>inter</strong></span> <span class='ocrx_word' id='word_1_112' title='bbox 815 2433 967 2519; x_wconf 90' lang='lat' dir='ltr'><strong>syllabas</strong></span> <span class='ocrx_word' id='word_1_113' title='bbox 998 2459 1036 2499; x_wconf 83' lang='lat' dir='ltr'><strong>oe</strong></span> <span class='ocrx_word' id='word_1_114' title='bbox 1065 2448 1098 2500; x_wconf 89' lang='lat' dir='ltr'><strong>et</strong></span> <span class='ocrx_word' id='word_1_115' title='bbox 1125 2435 1164 2500; x_wconf 90' lang='lat' dir='ltr'><strong>ob</strong></span> <span class='ocrx_word' id='word_1_116' title='bbox 1197 2438 1387 2503; x_wconf 82' lang='lat' dir='ltr'><strong>intercedat</strong></span> <span class='ocrx_word' id='word_1_117' title='bbox 1418 2433 1607 2512; x_wconf 77' lang='lat' dir='ltr'><strong>similitudo,</strong></span> 
     </span>
     <span class='ocr_line' id='line_1_17' title="bbox 488 2553 1606 2638; baseline -0.003 -20"><span class='ocrx_word' id='word_1_118' title='bbox 488 2554 546 2618; x_wconf 87' lang='lat' dir='ltr'><strong>vix</strong></span> <span class='ocrx_word' id='word_1_119' title='bbox 557 2554 721 2618; x_wconf 88' lang='lat' dir='ltr'><strong>dubitabis</strong></span> <span class='ocrx_word' id='word_1_120' title='bbox 743 2553 820 2638; x_wconf 88' lang='lat' dir='ltr'><strong>quin</strong></span> <span class='ocrx_word' id='word_1_121' title='bbox 843 2555 932 2638; x_wconf 86' lang='lat' dir='ltr'><strong>apud</strong></span> <span class='ocrx_word' id='word_1_122' title='bbox 955 2555 1094 2619; x_wconf 89' lang='lat' dir='ltr'><strong>Plinium</strong></span> <span class='ocrx_word' id='word_1_123' title='bbox 1115 2556 1331 2623; x_wconf 89' lang='lat' dir='ltr'><strong>scribendum</strong></span> <span class='ocrx_word' id='word_1_124' title='bbox 1347 2577 1430 2622; x_wconf 88' lang='lat' dir='ltr'><strong>esse</strong></span> <span class='ocrx_word' id='word_1_125' title='bbox 1449 2573 1606 2622; x_wconf 88' lang='lat' dir='ltr'><strong>censeas:</strong></span> 
     </span>
     <span class='ocr_line' id='line_1_18' title="bbox 535 2669 1465 2758; baseline 0.008 -25"><span class='ocrx_word' id='word_1_126' title='bbox 535 2709 573 2722; x_wconf 90' lang='lat'><strong>--</strong></span> <span class='ocrx_word' id='word_1_127' title='bbox 600 2669 968 2758; x_wconf 59' lang='lat' dir='ltr'><strong>Qrtoeeocrutumenoe</strong></span> <span class='ocrx_word' id='word_1_128' title='bbox 989 2673 1034 2738; x_wconf 87' lang='lat' dir='ltr'><strong>ob</strong></span> <span class='ocrx_word' id='word_1_129' title='bbox 1054 2675 1263 2739; x_wconf 78' lang='lat' dir='ltr'><strong>Amazonum</strong></span> <span class='ocrx_word' id='word_1_130' title='bbox 1284 2675 1465 2740; x_wconf 81' lang='lat' dir='ltr'><strong>connuhio.</strong></span> 
     </span>
    </p>
   </div>
   <div class='ocr_carea' id='block_1_3' title="bbox 384 2811 1605 3700">
    <p class='ocr_par' dir='ltr' id='par_1_3' title="bbox 384 2811 1605 3700">
     <span class='ocr_line' id='line_1_19' title="bbox 384 2811 1146 2917; baseline 0 -30"><span class='ocrx_word' id='word_1_131' title='bbox 384 2910 391 2917; x_wconf 28' lang='grc' dir='ltr'><strong>ῃ</strong></span> <span class='ocrx_word' id='word_1_132' title='bbox 412 2824 474 2889; x_wconf 72' lang='grc'><strong>118</strong></span> <span class='ocrx_word' id='word_1_133' title='bbox 942 2811 990 2885; x_wconf 71' lang='grc'><strong>25</strong></span> <span class='ocrx_word' id='word_1_134' title='bbox 1007 2849 1043 2879; x_wconf 86' lang='lat'><em>=</em></span> <span class='ocrx_word' id='word_1_135' title='bbox 1057 2811 1095 2907; x_wconf 72' lang='lat'><strong>9,</strong></span> <span class='ocrx_word' id='word_1_136' title='bbox 1109 2813 1146 2887; x_wconf 80' lang='grc' dir='ltr'><strong>9ο</strong></span> 
     </span>
     <span class='ocr_line' id='line_1_20' title="bbox 542 2943 1605 3049; baseline -0.006 -25"><span class='ocrx_word' id='word_1_137' title='bbox 542 2947 719 3025; x_wconf 85' lang='lat' dir='ltr'><strong>Armenia</strong></span> <span class='ocrx_word' id='word_1_138' title='bbox 744 2958 869 3023; x_wconf 86' lang='lat' dir='ltr'><strong>autem</strong></span> <span class='ocrx_word' id='word_1_139' title='bbox 893 2949 1010 3025; x_wconf 86' lang='lat' dir='ltr'><strong>maior</strong></span> <span class='ocrx_word' id='word_1_140' title='bbox 1025 3002 1037 3023; x_wconf 85' lang='lat'><strong>.</strong></span> <span class='ocrx_word' id='word_1_141' title='bbox 1053 3002 1091 3024; x_wconf 83' lang='lat'><strong>..</strong></span> <span class='ocrx_word' id='word_1_142' title='bbox 1116 2948 1315 3049; x_wconf 80' lang='lat' dir='ltr'><strong>Euphrate</strong></span> <span class='ocrx_word' id='word_1_143' title='bbox 1338 2972 1463 3044; x_wconf 88' lang='lat' dir='ltr'><strong>amne,</strong></span> <span class='ocrx_word' id='word_1_144' title='bbox 1492 2958 1534 3023; x_wconf 90' lang='lat' dir='ltr'><strong>nt</strong></span> <span class='ocrx_word' id='word_1_145' title='bbox 1557 2943 1605 3018; x_wconf 89' lang='lat' dir='ltr'><strong>di-</strong></span> 
     </span>
     <span class='ocr_line' id='line_1_21' title="bbox 541 3049 1604 3186; baseline -0.009 -25"><span class='ocrx_word' id='word_1_146' title='bbox 541 3096 641 3161; x_wconf 87' lang='lat' dir='ltr'><strong>ctum</strong></span> <span class='ocrx_word' id='word_1_147' title='bbox 668 3049 744 3180; x_wconf 57' lang='lat' dir='ltr'><strong>est]</strong></span> <span class='ocrx_word' id='word_1_148' title='bbox 771 3086 940 3161; x_wconf 87' lang='lat' dir='ltr'><strong>aufertur</strong></span> <span class='ocrx_word' id='word_1_149' title='bbox 967 3083 1227 3186; x_wconf 82' lang='lat' dir='ltr'><strong>Cappadociae</strong></span> <span class='ocrx_word' id='word_1_150' title='bbox 1253 3096 1309 3181; x_wconf 85' lang='lat' dir='ltr'><strong>et,</strong></span> <span class='ocrx_word' id='word_1_151' title='bbox 1348 3110 1424 3186; x_wconf 85' lang='lat' dir='ltr'><strong>qno</strong></span> <span class='ocrx_word' id='word_1_152' title='bbox 1452 3078 1604 3160; x_wconf 86' lang='lat' dir='ltr'><strong>discedit</strong></span> 
     </span>
     <span class='ocr_line' id='line_1_22' title="bbox 541 3221 1604 3324; baseline -0.008 -25"><span class='ocrx_word' id='word_1_153' title='bbox 541 3222 767 3324; x_wconf 83' lang='lat' dir='ltr'><strong>Euphrates,</strong></span> <span class='ocrx_word' id='word_1_154' title='bbox 790 3223 1096 3324; x_wconf 87' lang='lat' dir='ltr'><strong>Mesopotamiae,</strong></span> <span class='ocrx_word' id='word_1_155' title='bbox 1112 3221 1210 3297; x_wconf 87' lang='lat' dir='ltr'><strong>haud</strong></span> <span class='ocrx_word' id='word_1_156' title='bbox 1232 3223 1352 3298; x_wconf 90' lang='lat' dir='ltr'><strong>minus</strong></span> <span class='ocrx_word' id='word_1_157' title='bbox 1378 3223 1483 3298; x_wconf 88' lang='lat' dir='ltr'><strong>claro</strong></span> <span class='ocrx_word' id='word_1_158' title='bbox 1506 3239 1604 3295; x_wconf 84' lang='lat' dir='ltr'><strong>omne</strong></span> 
     </span>
     <span class='ocr_line' id='line_1_23' title="bbox 544 3360 663 3459; baseline 0 -25"><span class='ocrx_word' id='word_1_159' title='bbox 544 3360 663 3459; x_wconf 78' lang='lat' dir='ltr'><strong>Tigri.</strong></span> 
     </span>
     <span class='ocr_line' id='line_1_24' title="bbox 575 3493 1602 3573; baseline -0.006 -14"><span class='ocrx_word' id='word_1_160' title='bbox 575 3494 684 3567; x_wconf 84' lang='lat' dir='ltr'><strong>Quum</strong></span> <span class='ocrx_word' id='word_1_161' title='bbox 712 3516 836 3560; x_wconf 83' lang='lat' dir='ltr'><strong>sensus</strong></span> <span class='ocrx_word' id='word_1_162' title='bbox 861 3498 1041 3560; x_wconf 90' lang='lat' dir='ltr'><strong>verborum</strong></span> <span class='ocrx_word' id='word_1_163' title='bbox 1069 3493 1246 3558; x_wconf 84' lang='lat' dir='ltr'><strong>manifesto</strong></span> <span class='ocrx_word' id='word_1_164' title='bbox 1270 3493 1314 3559; x_wconf 91' lang='lat' dir='ltr'><strong>sit</strong></span> <span class='ocrx_word' id='word_1_165' title='bbox 1339 3495 1532 3573; x_wconf 85' lang='lat' dir='ltr'><strong>„Armenia</strong></span> <span class='ocrx_word' id='word_1_166' title='bbox 1553 3511 1602 3555; x_wconf 90' lang='lat' dir='ltr'><strong>au·</strong></span> 
     </span>
     <span class='ocr_line' id='line_1_25' title="bbox 491 3610 1604 3700; baseline 0 -24"><span class='ocrx_word' id='word_1_167' title='bbox 491 3613 599 3677; x_wconf 86' lang='lat' dir='ltr'><strong>fertur</strong></span> <span class='ocrx_word' id='word_1_168' title='bbox 621 3612 793 3696; x_wconf 86' lang='lat' dir='ltr'><strong>Euphrate</strong></span> <span class='ocrx_word' id='word_1_169' title='bbox 814 3610 1073 3698; x_wconf 84' lang='lat' dir='ltr'><strong>Cappadociae,</strong></span> <span class='ocrx_word' id='word_1_170' title='bbox 1096 3611 1189 3700; x_wconf 82' lang='lat' dir='ltr'><strong>Tigri</strong></span> <span class='ocrx_word' id='word_1_171' title='bbox 1210 3614 1524 3700; x_wconf 80' lang='lat' dir='ltr'><strong>Mesopotamiae“,</strong></span> <span class='ocrx_word' id='word_1_172' title='bbox 1551 3631 1604 3676; x_wconf 89' lang='lat' dir='ltr'><strong>ne·</strong></span> 
     </span>
    </p>
   </div>
   <div class='ocr_carea' id='block_1_4' title="bbox 492 3718 1602 3939">
    <p class='ocr_par' dir='ltr' id='par_1_4' title="bbox 492 3718 1602 3939">
     <span class='ocr_line' id='line_1_26' title="bbox 492 3718 1602 3820; baseline -0.003 -24"><span class='ocrx_word' id='word_1_173' title='bbox 492 3734 565 3796; x_wconf 88' lang='lat' dir='ltr'><strong>scio</strong></span> <span class='ocrx_word' id='word_1_174' title='bbox 584 3753 646 3797; x_wconf 90' lang='lat' dir='ltr'><strong>cnr</strong></span> <span class='ocrx_word' id='word_1_175' title='bbox 667 3732 767 3817; x_wconf 89' lang='lat' dir='ltr'><strong>vulgo</strong></span> <span class='ocrx_word' id='word_1_176' title='bbox 785 3744 863 3817; x_wconf 90' lang='lat' dir='ltr'><strong>post</strong></span> <span class='ocrx_word' id='word_1_177' title='bbox 874 3718 1407 3820; x_wconf 46' lang='lat' dir='ltr'><strong>Mesopotamiae&#39;interpungatun</strong></span> <span class='ocrx_word' id='word_1_178' title='bbox 1429 3733 1602 3805; x_wconf 84' lang='lat' dir='ltr'><strong>Artissime</strong></span> 
     </span>
     <span class='ocr_line' id='line_1_27' title="bbox 492 3851 1418 3939; baseline 0.002 -23"><span class='ocrx_word' id='word_1_179' title='bbox 492 3851 579 3917; x_wconf 91' lang='lat' dir='ltr'><strong>euim</strong></span> <span class='ocrx_word' id='word_1_180' title='bbox 603 3851 848 3938; x_wconf 89' lang='lat' dir='ltr'><strong>coniungantur</strong></span> <span class='ocrx_word' id='word_1_181' title='bbox 869 3863 1004 3937; x_wconf 91' lang='lat' dir='ltr'><strong>oportet</strong></span> <span class='ocrx_word' id='word_1_182' title='bbox 1032 3852 1288 3939; x_wconf 80' lang='lat' dir='ltr'><strong>Mesopotamiae</strong></span> <span class='ocrx_word' id='word_1_183' title='bbox 1308 3852 1418 3921; x_wconf 73' lang='lat' dir='ltr'><strong>baud:</strong></span> 
     </span>
    </p>
   </div>
   <div class='ocr_carea' id='block_1_5' title="bbox 414 3987 1600 4739">
    <p class='ocr_par' dir='ltr' id='par_1_5' title="bbox 414 3987 1600 4739">
     <span class='ocr_line' id='line_1_28' title="bbox 414 3987 1165 4083; baseline -0.007 -15"><span class='ocrx_word' id='word_1_184' title='bbox 414 3988 475 4056; x_wconf 83' lang='lat'><strong>119</strong></span> <span class='ocrx_word' id='word_1_185' title='bbox 937 3988 986 4065; x_wconf 82' lang='lat'><strong>28</strong></span> <span class='ocrx_word' id='word_1_186' title='bbox 1001 4026 1036 4056; x_wconf 93' lang='lat'><strong><em>=</em></strong></span> <span class='ocrx_word' id='word_1_187' title='bbox 1051 3990 1089 4083; x_wconf 84' lang='lat'><strong>9,</strong></span> <span class='ocrx_word' id='word_1_188' title='bbox 1106 3987 1165 4063; x_wconf 89' lang='lat'><strong>10.</strong></span> 
     </span>
     <span class='ocr_line' id='line_1_29' title="bbox 543 4116 1600 4227; baseline -0.01 -23"><span class='ocrx_word' id='word_1_189' title='bbox 543 4127 762 4203; x_wconf 83' lang='lat' dir='ltr'><strong>Adiabenen</strong></span> <span class='ocrx_word' id='word_1_190' title='bbox 796 4125 922 4227; x_wconf 85' lang='lat' dir='ltr'><strong>&#39;Pigrls</strong></span> <span class='ocrx_word' id='word_1_191' title='bbox 957 4136 995 4199; x_wconf 87' lang='lat' dir='ltr'><strong>et</strong></span> <span class='ocrx_word' id='word_1_192' title='bbox 1026 4133 1171 4199; x_wconf 88' lang='lat' dir='ltr'><strong>montes</strong></span> <span class='ocrx_word' id='word_1_193' title='bbox 1203 4126 1292 4203; x_wconf 85' lang='lat' dir='ltr'><strong>invii</strong></span> <span class='ocrx_word' id='word_1_194' title='bbox 1327 4126 1488 4227; x_wconf 88' lang='lat' dir='ltr'><strong>cingunt.</strong></span> <span class='ocrx_word' id='word_1_195' title='bbox 1547 4116 1600 4193; x_wconf 80' lang='lat' dir='ltr'><strong>Ab</strong></span> 
     </span>
     <span class='ocr_line' id='line_1_30' title="bbox 543 4255 1599 4364; baseline -0.008 -27"><span class='ocrx_word' id='word_1_196' title='bbox 543 4264 647 4340; x_wconf 87' lang='lat' dir='ltr'><strong>laeva</strong></span> <span class='ocrx_word' id='word_1_197' title='bbox 674 4265 755 4341; x_wconf 91' lang='lat' dir='ltr'><strong>eius</strong></span> <span class='ocrx_word' id='word_1_198' title='bbox 778 4263 882 4363; x_wconf 87' lang='lat' dir='ltr'><strong>regio</strong></span> <span class='ocrx_word' id='word_1_199' title='bbox 897 4263 1097 4338; x_wconf 86' lang='lat' dir='ltr'><strong>Medorum</strong></span> <span class='ocrx_word' id='word_1_200' title='bbox 1123 4274 1181 4338; x_wconf 89' lang='lat' dir='ltr'><strong>est</strong></span> <span class='ocrx_word' id='word_1_201' title='bbox 1209 4274 1254 4339; x_wconf 89' lang='lat' dir='ltr'><strong>et</strong></span> <span class='ocrx_word' id='word_1_202' title='bbox 1280 4272 1515 4364; x_wconf 89' lang='lat' dir='ltr'><strong>prospectus</strong></span> <span class='ocrx_word' id='word_1_203' title='bbox 1537 4255 1599 4329; x_wconf 79' lang='lat' dir='ltr'><strong>Gt·</strong></span> 
     </span>
     <span class='ocr_line' id='line_1_31' title="bbox 546 4398 844 4498; baseline -0.003 -26"><span class='ocrx_word' id='word_1_204' title='bbox 546 4398 618 4498; x_wconf 90' lang='lat' dir='ltr'><strong>spii</strong></span> <span class='ocrx_word' id='word_1_205' title='bbox 644 4400 756 4474; x_wconf 88' lang='lat' dir='ltr'><strong>maris</strong></span> <span class='ocrx_word' id='word_1_206' title='bbox 782 4407 844 4472; x_wconf 85' lang='lat' dir='ltr'><strong>rel.</strong></span> 
     </span>
     <span class='ocr_line' id='line_1_32' title="bbox 578 4529 1598 4621; baseline -0.008 -22"><span class='ocrx_word' id='word_1_207' title='bbox 578 4533 755 4621; x_wconf 86' lang='lat' dir='ltr'><strong>Vulgatam</strong></span> <span class='ocrx_word' id='word_1_208' title='bbox 776 4533 865 4599; x_wconf 91' lang='lat' dir='ltr'><strong>hanc</strong></span> <span class='ocrx_word' id='word_1_209' title='bbox 888 4536 1104 4619; x_wconf 88' lang='lat' dir='ltr'><strong>scripturam,</strong></span> <span class='ocrx_word' id='word_1_210' title='bbox 1126 4555 1225 4621; x_wconf 91' lang='lat' dir='ltr'><strong>quam</strong></span> <span class='ocrx_word' id='word_1_211' title='bbox 1247 4535 1395 4619; x_wconf 87' lang='lat' dir='ltr'><strong>Silligius</strong></span> <span class='ocrx_word' id='word_1_212' title='bbox 1415 4529 1598 4603; x_wconf 56' lang='lat' dir='ltr'><strong>retinniat</strong></span> 
     </span>
     <span class='ocr_line' id='line_1_33' title="bbox 495 4652 1594 4739; baseline -0.011 -20"><span class='ocrx_word' id='word_1_213' title='bbox 495 4656 589 4724; x_wconf 83' lang='lat' dir='ltr'><strong>codd</strong></span> <span class='ocrx_word' id='word_1_214' title='bbox 610 4654 699 4726; x_wconf 80' lang='lat' dir='ltr'><strong>Mss,</strong></span> <span class='ocrx_word' id='word_1_215' title='bbox 723 4654 766 4718; x_wconf 89' lang='lat' dir='ltr'><strong>de</strong></span> <span class='ocrx_word' id='word_1_216' title='bbox 790 4654 910 4739; x_wconf 89' lang='lat' dir='ltr'><strong>quibus</strong></span> <span class='ocrx_word' id='word_1_217' title='bbox 936 4652 1063 4720; x_wconf 89' lang='lat' dir='ltr'><strong>certius</strong></span> <span class='ocrx_word' id='word_1_218' title='bbox 1090 4665 1223 4719; x_wconf 87' lang='lat' dir='ltr'><strong>constat</strong></span> <span class='ocrx_word' id='word_1_219' title='bbox 1250 4674 1336 4721; x_wconf 86' lang='lat' dir='ltr'><strong>urrus</strong></span> <span class='ocrx_word' id='word_1_220' title='bbox 1357 4654 1386 4719; x_wconf 94' lang='lat' dir='ltr'><strong>P</strong></span> <span class='ocrx_word' id='word_1_221' title='bbox 1406 4653 1594 4739; x_wconf 83' lang='lat' dir='ltr'><strong>(Monacen-</strong></span> 
     </span>
    </p>
   </div>
   <div class='ocr_carea' id='block_1_6' title="bbox 0 0 1864 5625">
    <p class='ocr_par' dir='ltr' id='par_1_6' title="bbox 0 0 1864 5625">
     <span class='ocr_line' id='line_1_34' title="bbox 0 0 1864 5625; baseline 0 0"><span class='ocrx_word' id='word_1_222' title='bbox 0 0 1864 5625; x_wconf 95' lang='lat' dir='ltr'><strong> </strong></span> 
     </span>
    </p>
   </div>
  </div>
 </body>
</html>
