3700 5625
485 749 528 818 tt
947 754 1036 815 biber
1058 753 1131 815 XX.

534 953 664 1052 contra
688 947 831 1024 uenias
863 947 1016 1040 (efficax
1040 946 1313 1041 cssedicitur);
1340 947 1468 1047 nigrae
1493 947 1565 1024 radi·
1629 929 1630 942 Ν

538 1101 604 1156 ces
628 1080 679 1155 ita
704 1078 741 1155 iu
766 1101 862 1178 aqua
889 1089 1020 1156 coctae
1046 1080 1271 1181 porriginem
1296 1079 1440 1158 tollunt.

568 1209 735 1286 Quomodo
757 1213 910 1276 tandem?
933 1212 1053 1276 scilieet
1074 1212 1120 1276 ita
1134 1218 1172 1276 ut
1194 1211 1347 1294 candida,
1369 1213 1402 1276 in
1425 1231 1520 1299 aqua:
1545 1219 1567 1276 at

484 1327 547 1394 hoe
566 1349 630 1392 non
653 1335 722 1395 erat
748 1341 804 1394 cur
830 1328 942 1396 addita
969 1337 1041 1416 part
1028 1329 1126 1396 ticula
1151 1329 1378 1418 declararetur.
1421 1330 1552 1416 Itaque
1546 1351 1568 1394 ιι

484 1444 555 1509 cod.
579 1446 785 1532 demittitur,
807 1448 951 1511 melius
942 1469 976 1514 ιιι
997 1456 1080 1512 rtem
1102 1454 1252 1524 mutatur
1357 1504 1360 1510 .
1390 1503 1392 1510 .

401 1596 463 1663 428
535 1561 657 1642 Sucus
687 1567 766 1644 eius
784 1565 913 1666 capitis
930 1563 1081 1643 dolores
1104 1572 1298 1644 vetcrcsc
1278 1565 1568 1678 ctvcrdgiues-

454 1719 457 1733 ¹
529 1697 647 1776 sedat.
879 1713 912 1752 ='

589 1846 805 1926 Curvatas
833 1856 957 1917 tanturn
985 1849 1100 1934 eapitis
1133 1849 1259 1914 dolores
1288 1848 1399 1914 sedari
1429 1848 1572 1931 ὥοιιιιιιιι,

483 1984 555 2057 ιιοιιΧ
570 1964 713 2050 intelligo
741 1985 846 2051 nequae
873 1967 962 2052 apud
986 1967 1209 2034 Dioscoridem
1229 1966 1271 2032 II.
1296 1965 1357 2034 149
1383 1966 1473 2032 aliud
1495 1965 1572 2054 quid·

483 2103 580 2169 quam
596 2090 727 2168 ‚praeter
755 2082 816 2148 hoe
840 2091 999 2173 καθαίρει
1020 2083 1167 2172 κεφαλήν
1198 2085 1334 2170 reperio.
1375 2083 1441 2150 Hic
1462 2103 1574 2170 quoquo
1629 2079 1630 2084 ’

435 2232 437 2237 ·
483 2222 555 2267 oum
566 2200 705 2286 Apuleio
724 2208 833 2282 capitis
855 2208 998 2269 dulmen
1020 2214 1049 2268 et
1069 2203 1279 2284 aare..‚sorieo,
1299 2201 1523 2287 dittographia,
1543 2201 1574 2268 sd

483 2339 579 2406 qnam
599 2319 790 2387 substantivi
810 2341 962 2386 numerus
985 2321 1246 2394 accommodatus
1268 2327 1334 2401 est,
1352 2319 1473 2386 delete.

400 2544 463 2614 429
833 2607 839 2614 ,
915 2528 963 2600 72
989 2545 1030 2580 =
1055 2526 1152 2613 838.
1251 2534 1257 2542 ”

532 2656 601 2736 Est
627 2663 664 2733 et
689 2655 776 2743 beta
801 2655 982 2733 silvestris
1009 2679 1118 2756 quam
1144 2654 1321 2735 limoniou
1347 2662 1498 2746 vocam,
1524 2654 1576 2730 abi

412 2839 420 2849 -
501 2790 752 2881 romoldus,
785 2787 946 2867 multum
972 2789 1175 2867 minoribus
1215 2787 1313 2867 loliis
1340 2788 1577 2866 tenuioribus
1629 2868 1630 2883 Ν

532 2947 604 3024 quc
633 2946 678 2999 ac
705 2922 950 3013 densioribus
976 2922 1152 2999 undecim
1177 2946 1302 3023 saepe,
1330 2920 1436 2999 caule
1463 2920 1535 2999 lilii.
1629 2970 1630 3005 ι

477 3151 481 3155 .
565 3074 678 3139 Talem
705 3072 812 3138 locum
846 3074 1117 3161 corruptissimum
1141 3073 1207 3139 Sili.
1236 3074 1303 3137 Ian.
1337 3070 1502 3140 dederunt.
1541 3068 1578 3133 ldt
1629 3076 1630 3137 l

482 3194 585 3258 minor
623 3190 752 3279 quidem
779 3210 819 3254 ea
847 3190 979 3255 diversit
966 3197 1015 3254 tas
1045 3198 1095 3255 est
1127 3212 1210 3279 quse
1242 3189 1424 3255 nominibus
1454 3186 1578 3253 Graecis
1629 3182 1630 3211 ¹

484 3314 674 3390 continetur,
696 3313 729 3372 et
731 3306 918 3392 sicquidem
930 3328 995 3372 non
1006 3302 1109 3427 video,
1135 3329 1191 3374 cur
1204 3329 1268 3372 non
1282 3327 1300 3371 c
1314 3303 1578 3411 lectioneApuleii
1629 3328 1630 3421 ι

483 3434 516 3492 et
537 3425 607 3491 cod.
625 3429 682 3493 ΘΙ
682 3428 848 3489 eumeniam
870 3423 1098 3490 limoniumt
1041 3431 1098 3511 pot
1099 3424 1148 3490 ius
1171 3447 1267 3512 quam
1288 3431 1428 3490 limomoa
1441 3426 1575 3523 legamus

482 3550 579 3632 atque
594 3564 611 3608 e
625 3542 898 3639 magnaomuinm
920 3543 1101 3628 corruptela
1128 3544 1178 3608 litt
1165 3551 1266 3608 teram
1288 3564 1316 3606 m
1338 3543 1529 3607 retineamus
1550 3544 1578 3600 ct

482 3666 653 3727 neuroidem
667 3657 852 3725 scribamus.
876 3654 996 3724 Verum
1010 3658 1109 3725 multo
1126 3658 1253 3746 gravior
1264 3660 1296 3723 in
1317 3660 1470 3744 proximis
1483 3655 1578 3724 verbis
1607 3730 1610 3739 ⁴

483 3800 571 3845 error
598 3778 744 3844 occurrit.
787 3778 902 3854 Quum·
922 3776 1007 3845 enim
1029 3775 1234 3845 Dioscorides
1256 3772 1311 3845 IV.
1335 3776 1375 3845 16
1405 3771 1445 3841 de
1474 3774 1577 3840 cadem

481 3896 582 3963 herba
603 3897 685 3963 hsce
707 3893 890 3961 tradiderit:
932 3896 1058 3979 τὰμὲν
1089 3893 1200 3983 φύλλα
1233 3894 1301 3979 ἔχει
1329 3892 1431 3979 ὅμοια
1453 3890 1577 3978 τεύτλῳ,
1629 3946 1630 3959 ,

432 4026 437 4030 ’
481 4016 664 4104 laustrano
685 4015 724 4083 δὲ
745 4019 802 4080 και
821 4008 1011 4103 μακρότερα
1033 3988 1097 4080 καὶ.
1102 4016 1206 4083 πλείω
1235 4014 1318 4087 (sive
1340 4009 1458 4097 potius,
1479 4018 1513 4075 ut
1533 4014 1576 4073 est

481 4135 515 4199 iu
536 4128 662 4200 Aldina·
676 4129 826 4213 editione,
841 4130 922 4198 δέκα
944 4126 963 4217 ἢ
984 4130 1119 4216 πλείω),
1141 4108 1264 4197 Plinius
1287 4130 1403 4196 cadem
1424 4129 1500 4194 folia
1520 4144 1576 4190 non

482 4252 587 4338 potuit
613 4236 734 4315 maltum
764 4256 879 4316 minora
907 4249 1078 4335 appellare.
1121 4249 1314 4314 Accusativo
1346 4249 1431 4313 enim
1454 4265 1516 4310 non
1537 4240 1576 4305 ol·

482 4368 595 4433 lendor
617 4369 712 4432 simili
732 4369 801 4433 loco
843 4366 915 4457 XV.
939 4367 979 4435 68
1006 4373 1198 4449 comparato.
1242 4344 1357 4452 Atqui¹
1385 4362 1469 4453 apud
1498 4364 1576 4447 Apu·

482 4487 579 4551 leium
615 4491 703 4565 lonae
734 4461 899 4568 mua1o3'
926 4481 1090 4567 scribitur,
1133 4478 1256 4569 syllaba
1292 4490 1331 4548 mi
1362 4490 1430 4548 tam
1454 4482 1576 4546 obscure

482 4610 519 4667 ut
541 4624 561 4667 a
581 4601 734 4668 Dribnero
771 4603 836 4687 legi
868 4602 1059 4690 nequiverit,
1095 4602 1181 4667 unde
1218 4606 1405 4680 tenuioribus
1444 4598 1576 4664 efficitur.

483 4719 611 4800 Deinde
632 4719 729 4802 idem
748 4739 815 4786 uon
834 4737 927 4799 sarpa
944 4718 1005 4788 ssd
1024 4724 1058 4797 se
1077 4718 1208 4805 scripsit
1226 4737 1298 4785 eum
1330 4718 1454 4804 sullabe
1473 4714 1577 4784 iisdem
