3700 5625
446 590 488 659 aa
777 550 782 558 ’
909 588 1010 661 aaa
1029 591 1087 658 11.

445 774 565 845 liandis
579 786 714 843 narret:
734 773 880 859 „Thera
902 793 977 841 oum
997 775 1138 861 primum
1157 774 1293 843 emersit
1304 774 1441 848 canses
1453 779 1554 857 dicta,

444 892 494 959 Ex
514 912 556 958 ea
576 891 695 965 avolsa
709 904 831 978 postea
842 892 1007 969 Therasia
1022 904 1123 981 atque
1143 894 1230 963 inter
1252 896 1336 967 duas
1358 906 1455 963 enata
1478 918 1558 965 mox

445 1011 636 1091 Automate,
656 1013 775 1079 eadem
787 1011 902 1092 Hiera3
926 1021 960 1077 et
981 1012 1015 1077 in
1034 1022 1150 1081 nostro
1162 1033 1248 1081 aevo
1261 1014 1346 1081 Thia
1366 1015 1460 1082 iuxta
1482 1036 1558 1083 eas.

445 1130 521 1206 dam
541 1134 673 1201 enatu“.
717 1128 855 1199 Scilicet
876 1129 1029 1196 bifariam
1056 1132 1213 1217 peccavit
1233 1132 1288 1203 ille
1311 1133 1483 1215 librarius,
1512 1136 1558 1202 ad

445 1250 551 1317 cuius.
568 1250 742 1336 exemplar
770 1250 876 1314 nostri
901 1251 1039 1317 codices
1067 1250 1229 1320 efformati
1259 1262 1363 1333 snum.
1383 1262 1418 1329 et
1446 1274 1558 1337 prava

444 1385 601 1437 versuum
627 1369 845 1455 dispositione
873 1378 908 1435 et
927 1370 1065 1437 iteratis
1089 1368 1233 1440 vocibus
1258 1380 1462 1456 post-annos.
1505 1373 1558 1441 lta

444 1487 529 1557 emo
551 1487 650 1556 Plinii
668 1489 775 1556 verbu
794 1501 830 1553 ut
848 1487 1067 1560 emendentur
1089 1508 1176 1573 opus
1202 1501 1273 1558 esta

484 1604 760 1691 increpitatur
793 1604 902 1670 Thero
922 1614 956 1669 et
980 1604 1157 1687 diaeresis,
1189 1608 1277 1673 inter
1300 1608 1432 1675 eosdm
1455 1609 1556 1696 olym·

483 1724 591 1810 piade
610 1722 764 1793 CXLV.
794 1745 883 1787 anno
905 1733 1023 1818 quarto
1044 1724 1153 1791 Hiero
1180 1726 1357 1823 eademque
1377 1728 1556 1809 Atetmnate

474 1852 517 1912 ct
537 1841 578 1909 ub
592 1865 632 1907 eu
646 1841 771 1910 duobus
791 1840 908 1907 stodiis
925 1851 1113 1927 postonnos
1133 1841 1163 1911 0
1169 1842 1393 1912 cxxxx!
1397 1847 1423 1911 I
1442 1856 1554 1925 nostro

462 1974 563 2027 ¹tuem
584 1961 686 2027 losio
707 1957 823 2026 Silano
846 1980 908 2023 eos.
932 1980 961 2024 a.
985 1958 1015 2029 d.
1040 1960 1373 2027 meteunaldus
1396 1962 1491 2029 ΤΙιία.

525 2080 655 2157 Quodsi
672 2097 703 2147 a.
717 2078 763 2149 ol.
778 2077 912 2145 CXLV.
923 2076 955 2147 4.
970 2081 1154 2164 respondet
1176 2101 1264 2147 anno
1280 2101 1311 2146 a.
1327 2102 1358 2147 u.
1374 2103 1407 2152 o.
1417 2082 1553 2163 DLVll,

440 2200 562 2267 additis
590 2199 687 2267 annis
709 2196 931 2264 ccxxxxn
952 2218 1074 2266 annum
1094 2199 1319 2271 nanciscimur
1339 2197 1553 2267 nccxctx.

439 2320 475 2385 id
487 2317 679 2386 estValerii
690 2316 832 2383 Asiatici
853 2326 887 2381 et
898 2314 1097 2390 Iuniisilani
1117 2318 1336 2399 consulatum,
1352 2338 1418 2405 quo
1433 2318 1553 2388 Thiam

438 2435 729 2507 irssnlamenatam
744 2454 823 2504 esse
839 2442 982 2500 constat.
1004 2434 1041 2499 ln
1055 2436 1171 2503 codiee
1183 2447 1294 2505 autem
1306 2436 1400 2504 Plinii
1414 2438 1551 2523 antiqno

439 2557 507 2643 qni.
517 2553 814 2640 protarobetypum
834 2552 987 2620 exaravit
1000 2552 1167 2636 librarius,
1187 2554 1372 2635 deliciante.
1388 2555 1421 2621 in
1436 2554 1553 2641 priora

438 2694 542 2745 versu
557 2672 751 2748 membrana
765 2671 861 2771 haec·
869 2672 916 2752 ita
929 2672 1056 2757 scriptu
1075 2674 1271 2759 repperisse
1293 2676 1459 2759 putandas
1482 2684 1550 2743 est:

605 2814 646 2859 B!
666 2814 708 2868 Δβ
729 2811 772 2868 tta
791 2810 905 2870 Nom
929 2813 1044 2876 mm
1066 2815 1143 2860 1011
1164 2815 1262 2880 Allliofl
1286 2817 1373 2884 ml,

1286 2916 1346 2960 extu

602 2997 720 3042 acerno
741 2996 832 3061 anuo.

518 3095 614 3165 Duos
641 3095 741 3183 igitur
771 3095 925 3162 diversos
953 3117 1110 3163 numeros
1140 3095 1206 3182 legi
1230 3105 1323 3162 ratus
1347 3096 1501 3163 librarius
1525 3115 1545 3160 e

434 3219 611 3304 superiore
636 3235 738 3281 versu
760 3215 865 3279 verba
894 3224 967 3302 post
991 3238 1097 3281 annos
1128 3215 1278 3295 iteravit,
1309 3215 1398 3281 unde
1423 3213 1546 3279 sactum

434 3348 488 3404 est
518 3347 554 3401 nt
583 3336 740 3401 miserum
768 3335 802 3398 in
828 3334 960 3399 modum
989 3336 1101 3400 omnia
1130 3334 1436 3419 pessumdarentnr.
1480 3333 1548 3398 Ubi

434 3454 520 3520 eninr
542 3455 588 3517 ita
610 3473 630 3518 e
653 3451 784 3517 duobus
807 3451 975 3516 miraculis
997 3455 1060 3517 tria
1082 3451 1279 3537 factasunt,
1300 3453 1476 3539 primo,'ut
1497 3452 1546 3517 vi·

434 3573 547 3649 detur,
574 3591 712 3635 numero
737 3567 869 3635 CXLV.
892 3570 924 3634 in
949 3567 1077 3638 CXLll.
1103 3583 1280 3656 corrupto,
1306 3568 1456 3637 rationes
1477 3590 1546 3635 non

406 3693 410 3700 ’
433 3701 591 3759 constare
607 3687 769 3753 intellexit
779 3685 878 3785 homo
898 3709 968 3753 non
982 3688 1136 3756 indoctus
1159 3710 1286 3778 casque
1307 3687 1560 3777 pravusednli-¹

432 3821 507 3887 tate,
527 3809 698 3894 corrigere
729 3816 872 3871 conatus
901 3817 962 3875 est.
1000 3813 1003 3820 ’
1030 3807 1162 3872 Annum
1189 3804 1387 3894 olympiadis
1415 3805 1543 3874 CXLll.

432 3932 585 4017 quartum
610 3927 821 4013 respondere
846 3923 1079 3990 animadvertit
1104 3946 1192 3992 anno
1219 3944 1251 3994 a.
1269 3948 1300 3992 n.
1322 3947 1349 3994 c.
1363 3925 1465 3992 DVll.
1488 3926 1544 3992 vel

430 4043 520 4114 DVl.
576 4045 663 4112 Huic
691 4041 819 4111 CXXX
850 4042 947 4107 annis
978 4042 1142 4109 adiunctis
1173 4064 1294 4111 annum
1319 4056 1440 4112 nactus
1469 4056 1543 4112 erat

430 4163 655 4248 ncxxxvl,
677 4163 730 4229 cni
752 4149 850 4249 quum
872 4181 980 4225 annos
1003 4162 1144 4227 adderet
1166 4161 1267 4244 oxu,
1291 4164 1405 4231 incidit
1424 4165 1456 4230 in
1479 4183 1546 4229 an«

429 4305 507 4351 num
521 4280 833 4362 DCCXXXXVIII,
848 4303 914 4369 quo
937 4280 1082 4347 Laelium
1095 4279 1233 4348 Balbum
1249 4283 1420 4350 consulem
1433 4281 1541 4349 luisse

430 4402 569 4470 sciebat.
620 4400 757 4466 Addidit
782 4400 881 4486 igitur
905 4399 940 4466 in
966 4399 1117 4485 margine
1146 4398 1401 4482 Laelionam,
1435 4386 1541 4465 Silani

428 4541 550 4589 nomen
572 4539 690 4587 errore
712 4528 820 4585 ortum
842 4499 921 4586 esse
939 4519 1128 4586 arbitratus.
1171 4518 1258 4585 Hinc
1276 4519 1412 4584 tandem
1429 4518 1539 4584 evenit

278 4698 288 4712 .
427 4649 466 4707 ut
483 4639 516 4706 in
537 4626 663 4707 nostris
685 4637 860 4707 codicibus
881 4647 916 4705 et
934 4637 1061 4708 Balbus
1083 4634 1198 4707 Silano
1221 4635 1356 4725 collega
1375 4635 1539 4705 tribuere·
