3700 5625
719 561 822 630 muer
842 561 909 630 VI.
1307 563 1370 634 lut

337 751 462 818 Tenum
484 749 593 818 looom
614 750 798 836 adscripsi,
825 771 892 839 quo
916 749 1035 818 nicius
1057 759 1240 838 appareat,
1267 771 1370 838 quam

256 893 415 958 perverso
431 871 553 938 ordine
566 890 689 938 cursus
707 869 904 938 nobilissimi
916 869 1061 938 flaminia
1076 884 1261 939 enarretur.
1285 871 1370 940 Fer·

254 1011 318 1056 rem
339 1001 472 1056 mutam
494 990 673 1076 scriptoris
694 989 933 1077 negligentiam
958 992 994 1054 in
1022 993 1161 1057 remotis
1180 991 1371 1077 ignotisque

254 1109 470 1195 regionibust
492 1107 660 1176 Seleucae
679 1130 763 1176 vero
775 1108 990 1176 aeMeeenes
1010 1113 1110 1176 situm
1131 1129 1154 1174 a
1173 1108 1281 1177 Plinio
1300 1121 1371 1176 tam

253 1231 375 1316 apertis
400 1229 578 1298 erroribus
599 1228 755 1294 admixtis
777 1229 922 1295 describi
934 1227 1087 1313 potuisse
1102 1249 1371 1317 numquamoon

254 1350 377 1416 cedam.
425 1350 503 1414 Duo
530 1360 608 1414 eunt
636 1347 835 1432 praesertim
861 1367 948 1434 quae
970 1349 1184 1414 correctione
1209 1347 1370 1434 indigent.

254 1469 394 1534 Primum
428 1469 506 1534 fleri
538 1488 605 1533 non
636 1466 744 1551 potuit
776 1478 813 1531 ut
839 1465 951 1552 Tigris
976 1477 1156 1555 postquam
1185 1466 1372 1554 Apameam

254 1587 407 1672 pervenit
437 1587 610 1653 meridiem
639 1589 761 1670 petene
788 1581 977 1652 Seleuciam
1001 1597 1245 1671 reverteretur,
1270 1607 1373 1674 quae,

255 1719 287 1772 ut
310 1709 353 1773 ab
385 1709 471 1794 ipso
501 1707 606 1773 Plinio
641 1703 794 1770 traditum
818 1714 888 1783 est,
917 1705 1060 1791 amplius
1081 1718 1215 1773 centum
1240 1706 1373 1772 milibus

257 1845 416 1909 passuum
440 1838 476 1893 et
498 1826 630 1912 quidem
654 1823 915 1908 septentrionem
929 1827 1227 1895 vmsosdistebatr
1249 1827 1374 1896 deinde

257 1965 316 2030 quo
341 1947 487 2014 tandem
517 1945 615 2015 modo
647 1945 735 2012 iuter
763 1943 933 2032 Choaspis
960 1945 1182 2013 confluentem
1216 1958 1250 2012 et
1275 1945 1372 2012 lacos

259 2061 464 2134 Chaldaicos
483 2067 515 2133 id
538 2077 590 2134 est
610 2066 643 2132 in
660 2051 879 2149 Characeues
901 2065 1052 2135 confiniis
1072 2066 1159 2135 iuter
1171 2064 1372 2148 ⁴Seleuciam

263 2199 291 2248 et
312 2183 573 2274 Ctesiphontem
600 2185 720 2274 lapsus
741 2183 900 2270 =dicetur?
942 2182 985 2250 Et
1003 2184 1060 2252 hio
1080 2183 1212 2273 quidem
1234 2183 1374 2250 manile·

262 2314 327 2370 stus
348 2306 544 2372 scribarum
567 2289 664 2372 error
686 2304 785 2373 etiam
809 2323 851 2370 eo
872 2303 1037 2390 proditur,
1059 2303 1151 2390 qood
1172 2301 1297 2368 Plinius
1317 2321 1374 2368 au·

260 2425 388 2506 periore
409 2425 469 2519 illo
487 2425 564 2491 loco
585 2445 684 2512 quem
706 2425 781 2508 ipse
795 2423 921 2503 laudat,
945 2424 988 2488 de
1003 2434 1121 2490 neutra
1134 2425 1217 2490 urbe
1238 2423 1373 2488 locutus

262 2553 317 2608 est.
358 2545 518 2632 Respicit
545 2545 631 2610 enim
656 2543 687 2631 §.
702 2543 781 2626 100,
812 2545 868 2612 ubi
890 2544 981 2632 quod
1003 2542 1187 2629 Choaspen
1208 2542 1372 2609 Eulaeum

261 2663 404 2730 nominat
430 2685 498 2730 non
529 2672 582 2728 est
611 2662 701 2748 quod
733 2664 874 2732 mireris.
924 2663 1110 2750 Utrumque
1135 2664 1222 2730 enim
1249 2683 1372 2734 nomen

262 2783 449 2864 promiscue
470 2803 492 2849 a
513 2781 684 2849 veteribus
706 2785 863 2871 usurpari
884 2793 966 2871 post
994 2783 1080 2850 alios
1105 2782 1218 2849 docuit
1249 2793 1282 2849 et
1312 2803 1374 2849 cur

265 2900 304 2964 ita
326 2902 428 2970 fieret
455 2901 616 2989 explicuit
640 2901 805 2989 Forbiger
831 2903 898 2972 vol.
912 2904 953 2971 ll.
975 2927 1007 2990 p.
1016 2902 1090 2969 581.
1140 2902 1195 2969 De
1218 2901 1375 2970 Seleucia

266 3038 338 3088 raro
367 3034 407 3090 et
431 3020 652 3107 Ctesiphonte
679 3040 724 3087 ne
751 3023 819 3112 γρῦ
843 3023 989 3109 quidem.
1049 3022 1139 3089 idem
1166 3022 1267 3107 igiter
1291 3020 1327 3086 h.
1352 3020 1375 3085 Ι.

268 3141 380 3222 evenit,
403 3142 573 3229 quodiam
591 3141 732 3227 saepius
749 3143 933 3209 admissum
946 3162 1026 3210 esse
1038 3142 1193 3221 vidimus,
1213 3150 1250 3207 ut
1269 3141 1376 3205 rerba

270 3256 348 3325 inter
365 3260 556 3329 Seleuciam
580 3268 613 3326 et
634 3258 875 3349 Ctesiphontem
894 3270 1007 3327 aecius
1026 3260 1135 3328 alieno
1156 3261 1236 3327 loeo
1258 3258 1376 3325 mehe-

271 3386 341 3463 typo
362 3380 477 3447 codici
498 3382 737 3447 insererentur.
764 3380 922 3477 'Scilicet
945 3381 1112 3467 pertinent
1132 3380 1177 3444 ad
1189 3379 1377 3465 proximum

272 3516 411 3579 sensum,
435 3522 502 3588 quo
522 3521 613 3566 nunc
633 3518 755 3575 cursus
775 3498 887 3586 Tigris
912 3520 1035 3587 magno
1055 3499 1143 3566 saltu
1163 3499 1378 3585 aGordyene

270 3614 448 3701 Apameam
467 3618 560 3687 iacto
583 3620 842 3704 interrumpitur,
864 3630 968 3706 atque
988 3620 1033 3686 ibi
1052 3630 1133 3706 post
1150 3638 1273 3686 vocem
1295 3615 1379 3682 Gor.

272 3735 443 3822 ripaeorum
462 3740 660 3825 reponenda
681 3749 769 3804 sunt.
798 3738 895 3805 Prior
916 3750 1028 3806 autem
1048 3739 1143 3805 locus
1163 3749 1233 3803 tom
1247 3737 1380 3801 demam

274 3861 438 3927 emendari
464 3861 589 3947 poterit
616 3878 715 3946 quum
743 3855 918 3942 Apameae
947 3861 1046 3924 situm
1077 3854 1378 3942 exploraverimus.

273 3974 372 4050 Quum
401 3990 513 4045 autem
534 3977 661 4044 Plinius
690 3986 724 4041 et
745 3974 940 4061 Stephanus
962 3998 1005 4045 eo
1027 3977 1106 4043 loco
1127 3976 1273 4063 positam
1294 3994 1376 4039 esse

274 4097 411 4182 tradant,
433 4096 490 4163 ribi
512 4096 678 4162 dividatur
700 4094 826 4181 Tigris,
857 4096 1000 4162 eundem
1021 4116 1213 4184 occupasse
1235 4113 1379 4159 consen·

275 4220 399 4282 teneam
422 4227 497 4297 eet,
527 4216 585 4281 ubi
606 4236 698 4281 nuuc
717 4214 787 4281 Kut
808 4213 841 4281 el
862 4212 1009 4307 liemare
1031 4216 1065 4281 io
1090 4214 1243 4301 Kieperti
1268 4212 1381 4279 tabula

275 4337 360 4420 regni
386 4336 589 4402 Ottomanici
617 4334 792 4421 reperitur.
843 4333 926 4398 lnde
954 4334 1040 4399 enim
1060 4332 1184 4399 flumen
1208 4332 1329 4401 Schatt
1349 4333 1381 4399 el

276 4446 366 4540 llijeh
392 4457 466 4522 sive
495 4455 528 4521 el
550 4454 679 4522 ilamra
705 4454 845 4534 dictum,
870 4450 959 4518 aiter
984 4453 1039 4538 qui
1065 4472 1087 4517 a
1109 4452 1216 4519 Plinio
1239 4461 1383 4520 vocatur

278 4568 401 4653 alveus,
426 4585 523 4641 recta
547 4574 718 4643 meridiem
746 4592 869 4639 versus
889 4568 1100 4659 Babyloniae
1121 4591 1262 4659 campos
1285 4579 1385 4639 secat
