3700 5625
709 601 810 671 mter
831 601 920 672 ΧΠ.
978 636 984 657 ι
1312 599 1372 667 171

273 795 435 854 tentarant.
458 785 502 854 Et
517 785 672 874 Scaliger
691 787 825 878 quidem
848 789 926 878 quid
947 789 1049 856 scribi
1070 783 1223 873 uoluerit,
1243 785 1374 868 nucia,

273 919 300 970 at
313 905 511 992 reliquorum
533 907 709 972 conamina
731 918 870 993 praeter
890 929 990 974 uuam
1006 908 1191 974 Pintiaaum
1203 908 1301 992 parvi
1316 927 1375 972 ae·

271 1025 369 1090 stirno.
415 1023 614 1091 Salmasinm
637 1025 830 1092 nominasse
849 1024 1012 1112 sufficiet,
1039 1026 1094 1113 qai
1108 1025 1222 1112 pillis.
1236 1025 1375 1110 scripsit

272 1143 420 1208 ladanum
440 1155 560 1210 cocant
582 1144 680 1210 lrairta
698 1149 835 1236 pinque:
859 1146 891 1212 ei
911 1145 1072 1211 insideres
1094 1143 1193 1239 idque
1214 1143 1287 1224 rel,
1304 1121 1376 1208 Da·⁴

271 1262 481 1350 lecampium,
507 1266 561 1352 qni
585 1264 618 1332 in
639 1269 789 1352 margine
818 1266 904 1332 alias
929 1265 1056 1331 hahere
1087 1274 1243 1332 annotet:
1274 1262 1374 1329 totus

269 1378 348 1467 soliis
366 1383 488 1470 pinque
508 1404 606 1470 super
625 1406 698 1448 eam
719 1381 871 1466 tertam,
893 1385 968 1470 ipse
991 1384 1125 1450 coniicit
1149 1392 1307 1448 attractos
1322 1377 1375 1472 fu·

270 1499 522 1566 sacrosacrae
541 1502 573 1564 ei
591 1499 731 1566 arluolni.
771 1501 902 1586 Nempe
925 1501 993 1566 lroc
1014 1512 1068 1566 est
1088 1500 1291 1586 interpolare
1309 1519 1374 1566 nec

270 1642 343 1687 vero
364 1622 556 1688 emendare.
599 1619 787 1688 Modestius
801 1620 948 1708 Silligius
965 1619 1102 1688 Plinium
1123 1621 1170 1686 ita
1191 1617 1375 1704 scripsisse

269 1739 403 1806 coniecit
432 1738 532 1805 laius
550 1741 666 1832 piaque·
683 1741 853 1826 insidiari3
882 1741 992 1839 itaque
1008 1741 1084 1821 rel„
1106 1761 1222 1806 verum
1242 1750 1276 1805 et
1292 1740 1374 1806 dure

269 1858 412 1926 homines
435 1857 661 1947 intelliguntur
689 1879 828 1947 quornm
852 1879 1018 1947 nusquam
1043 1859 1166 1926 mentio
1189 1857 1283 1926 lacte
1309 1867 1374 1942 est,

270 1989 299 2044 et
321 1978 448 2044 insidiis
473 1978 506 2044 in
535 1999 573 2045 re
596 1989 662 2046 tam
684 1977 863 2048 manifesta
883 1979 982 2050 locus
1004 1990 1158 2046 nonest.
1203 1977 1374 2044 Pintiaaus

269 2107 370 2162 nutem
391 2108 549 2182 quaerat
569 2096 692 2186 ingenii
711 2096 884 2180 felicitate,
905 2096 961 2164 hio
980 2115 1113 2188 qaoque
1135 2110 1169 2165 et
1186 2098 1243 2163 ubi
1261 2096 1375 2162 vitiam

271 2217 488 2300 quaerendum
501 2224 605 2298 esset,
628 2227 723 2282 recte
734 2215 906 2304 indagavit
922 2229 956 2282 et
970 2228 1064 2282 recte
1076 2216 1276 2302 emendavit,
1297 2216 1374 2280 dam

271 2335 379 2398 scribit
399 2333 494 2398 lraic
513 2334 633 2422 pinque
655 2333 809 2398 insidere.
851 2334 901 2399 lta
923 2336 1010 2400 enim
1031 2333 1175 2421 loquitar
1196 2355 1294 2421 quem
1312 2331 1375 2400 Pli-

272 2453 336 2516 nius
356 2464 531 2518 auctorem
560 2465 637 2517 ante
665 2450 785 2519 oculas
810 2451 941 2537 habuit,
971 2451 1193 2518 Dioscorides
1219 2451 1273 2519 Dc
1294 2461 1374 2520 mat.

272 2575 347 2642 med
358 2573 382 2639 Ι.
395 2571 467 2640 128.
489 2565 566 2640 ἔνιοι
582 2569 616 2640 di
630 2569 687 2639 real
709 2571 843 2656 σχοινία
863 2571 1051 2659 ε’πισύρουνι
1071 2578 1136 2649 τοῖς
1147 2567 1298 2657 θάμνοις,
1318 2563 1376 2637 ml

271 2689 300 2758 ιδ
328 2689 560 2778 προσπλασξιέν
590 2689 700 2769 αὐτοῖς
728 2689 817 2770 λίπος
841 2691 1062 2780 ἀποξύσανιες
1087 2690 1375 2759 ἅναπλᾶσσουσιν·

272 2822 300 2877 et
315 2830 419 2897 supra
438 2808 519 2877 lolia
539 2807 688 2897 λιπαρίας
709 2805 798 2889 τινὰς
818 2807 905 2879 κατὰ
927 2807 963 2879 rd
984 2803 1042 2899 ἔαρ
1062 2810 1266 2899 ἐπισπώμενα
1287 2832 1376 2877 com·

271 2942 431 2998 memorat
473 2927 562 2995 Voci
583 2928 682 3015 igitar
701 2926 810 3006 αιἰιοΐς
825 2929 1011 3015 respondet
1025 2929 1116 3016 apud
1130 2928 1269 2996 Plinium
1289 2927 1377 3010 laic,

270 3048 494 3136 ιροσιιλασᾷέν
515 3060 567 3114 est
588 3046 746 3124 iasiclerer
772 3047 860 3126 λίπος
881 3063 993 3115 autem
1013 3049 1086 3115 sive
1105 3048 1238 3136 λιπαρία
1256 3049 1378 3137 piraque

271 3170 440 3237 convertit.
487 3166 539 3234 Nil
561 3182 670 3234 autem
696 3167 830 3235 facilius
853 3170 995 3255 cogitari
1020 3181 1131 3256 potest
1152 3190 1251 3257 qaam
1276 3180 1311 3234 ut
1333 3190 1377 3235 cx

271 3310 333 3353 nrm
355 3288 445 3377 qnod
469 3289 501 3355 in
514 3286 701 3375 archetypo
723 3287 830 3355 laissa
853 3301 1116 3355 consentaneum
1138 3300 1202 3368 est,
1224 3300 1377 3355 oreretur

272 3408 365 3478 huit.
400 3408 499 3485 Quod
523 3408 672 3496 sequitur
694 3410 899 3474 enuntiatum
913 3406 1008 3496 §.ta
1031 3406 1198 3495 aSilligio
1221 3410 1377 3474 emenda·

272 3538 331 3593 tum
347 3541 411 3613 cst,
433 3528 497 3593 nisi
520 3526 607 3615 quod
630 3538 707 3593 ante
730 3526 790 3590 ulii
808 3523 1009 3593 vocabulum
1029 3536 1074 3589 ut
1087 3527 1176 3615 quod
1198 3527 1250 3593 ille
1265 3526 1378 3593 delere

273 3646 377 3725 voluit,
402 3648 511 3732 potius
539 3647 571 3711 in
603 3653 644 3709 at
666 3644 855 3710 mutandum
882 3644 1023 3713 videtur.
1065 3645 1100 3710 ln
1123 3649 1275 3731 proximo
1297 3658 1377 3732 puto

273 3767 523 3851 dittographiam
536 3785 588 3830 me
599 3762 874 3849 deprehendisse.
903 3764 988 3830 Nam
1002 3765 1090 3851 quod
1106 3764 1263 3830 ladanum
1286 3766 1379 3829 adal.

274 3892 396 3948 teratur
416 3886 516 3970 myrti
533 3882 622 3947 dacis
641 3890 675 3947 et
694 3879 768 3946 aliis
793 3881 987 3945 animalium
1007 3880 1171 3964 sordidas,
1193 3885 1226 3949 id
1243 3885 1379 3950 Graece

197 4026 198 4037 ¹
273 4002 414 4069 fortasse
438 4015 530 4067 recte
551 4002 731 4080 diceretur,
753 4000 842 4088 apud
855 4000 1008 4067 Latinam
1026 4002 1224 4087 scriptorem
1245 4002 1379 4070 tolerari

275 4125 390 4209 nequit.
419 4118 573 4189 Delenda
594 4132 647 4188 est
667 4121 767 4207 igitar
787 4142 855 4187 vox
878 4120 973 4186 aliis
993 4122 1089 4189 cline
1111 4124 1284 4210 proximae
1307 4122 1378 4186 ani·
1455 4209 1458 4213 ι

275 4244 419 4307 mulium
440 4257 526 4308 orta.

696 4433 748 4509 86
759 4464 799 4505 ·...-
812 4435 872 4529 19,
886 4434 949 4509 42.

321 4628 372 4644 -
395 4584 678 4662 inenarrabilem
699 4586 882 4686 quondam
907 4583 1159 4665 univcrsitatis
1182 4586 1333 4665 halitum
1358 4610 1380 4661 e

1395 4486 1459 4552 218
