3700 5625
494 569 556 637 148
939 569 1043 639 nno
1064 569 1175 638 Vm.

491 756 697 822 obtinuere“
720 754 792 840 (ita
813 757 901 820 enim
922 776 998 822 cnm
1020 755 1188 823 &luneio
1210 755 1318 842 pffi
1327 777 1400 846 sqq.
1423 758 1583 844 tegendum

1648 922 1649 1007 i

491 875 564 959 cst)
589 873 635 938 ita
657 874 774 958 paucis
795 876 997 942 intermissis
1017 876 1130 962 pergit
1150 875 1297 943 Plinius}

541 1189 744 1240 excusso
767 1164 930 1265 auriga
954 1164 1006 1239 ita
1031 1173 1073 1241 ut
1093 1174 1209 1241 staret
1229 1165 1268 1241 iu
1290 1165 1510 1268 Capitolium
1535 1195 1585 1243 ou·

542 1300 706 1378 currisse
733 1324 849 1400 equos
872 1299 1077 1408 aedemque
1104 1311 1163 1376 ter
1184 1301 1362 1378 lustrasse
1384 1347 1439 1361 —

540 1027 664 1105 Maius
688 1029 882 1131 augurium
904 1029 1003 1131 apud
1026 1030 1171 1131 priscos
1194 1029 1350 1131 plebeiis
1372 1029 1584 1106 circensibus

1648 1186 1649 1227 t

574 1453 751 1529 Quomodo
773 1451 861 1518 haee
883 1453 988 1518 verba
1009 1451 1212 1520 intellexerit
1222 1453 1383 1539 Silligius,
1405 1473 1450 1519 ne
1463 1452 1587 1518 dimnari
1648 1506 1649 1531 p

488 1571 620 1658 quidem
652 1570 748 1636 licet:
782 1570 900 1654 auriga
922 1571 1010 1636 enim
1031 1572 1077 1637 ita
1098 1569 1252 1657 profecto
1275 1594 1377 1652 curru
1400 1573 1509 1640 excuti
1529 1592 1585 1636 non
1648 1624 1650 1661 g

488 1688 614 1773 potuit,
638 1699 674 1754 ut
693 1697 803 1756 staret
823 1688 857 1752 iu
881 1708 994 1754 curru.
1045 1687 1155 1754 Recte
1173 1689 1272 1775 vulgo
1294 1689 1454 1756 scribitur
1475 1690 1587 1754 etsie
1648 1742 1649 1781 p

487 1807 588 1876 codd.
601 1819 738 1894 praeter
750 1807 821 1873 R²d
836 1808 1002 1887 omnibus,
1020 1809 1109 1894 quod
1127 1809 1217 1874 idem
1229 1808 1398 1894 significat
1412 1810 1501 1897 quod
1516 1807 1587 1874 aiias
1648 1862 1649 1889 p

485 1945 559 2011 „ac
578 1928 640 2004 si‘}
661 1938 694 1994 et
709 1925 862 1994 similiter
882 1924 915 2012 §.
931 1925 984 1993 ⁷5.
1005 1935 1196 2011 usurpatur.
1245 1927 1401 2013 Apparet
1421 1949 1503 1994 vero
1523 1947 1586 1992 con
1648 1984 1650 2013 ,

466 2067 529 2126 ’,θα
550 2049 584 2114 vi
605 2048 701 2124 vocis
724 2047 813 2133 quod
835 2047 1011 2130 praecedit
1029 2047 1079 2110 ita
1098 2067 1165 2111 non
1190 2046 1277 2113 bene
1300 2045 1486 2112 conciliari.
1510 2046 1586 2120 Qua·
1648 2100 1650 2138 p

486 2177 624 2252 propter
644 2187 664 2234 e
686 2163 911 2250 dittographia
933 2165 1077 2249 repetita
1099 2166 1196 2230 verbi
1221 2166 1341 2254 mripo
1368 2165 1586 2232 terminatione

486 2295 595 2350 ortum
616 2303 694 2348 esse
714 2283 857 2361 videtur,
880 2282 1179 2368 scribendumque:

613 2436 653 2448 --
676 2421 815 2467 exnunc
837 2402 967 2488 cumpo,
991 2409 1037 2464 ut
1056 2401 1096 2465 si
1115 2410 1230 2482 staret,
1251 2401 1288 2465 in
1311 2399 1391 2488 Cap.
1415 2400 1477 2468 rei.

407 2595 469 2662 186
903 2569 976 2644 169
992 2605 1029 2638 ε
1045 2570 1107 2665 43,
1122 2571 1184 2646 68.

537 2719 616 2797 Nec
652 2719 722 2795 uisi
750 2719 914 2822 spatiosa
945 2722 1146 2798 incubitat
1178 2721 1332 2817 laxitas3
1369 2723 1473 2798 varia
1501 2745 1587 2796 nam·

536 2883 609 2958 que
642 2881 771 2932 somno
806 2856 886 2933 visa
919 2858 1132 2959 concipiunt
1168 2859 1322 2961 (asini)
1355 2858 1430 2936 ictu
1467 2860 1588 2962 pedem

537 2994 669 3081 crebro
697 2974 761 3066 rel.

568 3128 684 3195 Talem
712 3129 824 3195 locum
849 3150 868 3194 e
896 3128 1016 3196 codice
1043 3130 1063 3194 d
1094 3131 1263 3195 constitnit
1290 3129 1448 3215 Silligius.
1500 3130 1540 3193 Et
1560 3125 1588 3189 id

474 3248 618 3334 *quidem
639 3249 826 3314 rectissime
850 3247 929 3313 iecit
948 3248 1037 3334 quod
1060 3269 1127 3313 non
1147 3258 1272 3312 tantum
1294 3245 1434 3312 Barbari
1453 3248 1587 3331 interpo·
1648 3307 1649 3310 ,

483 3366 641 3439 lationem
650 3366 778 3450 sprevit
789 3366 929 3450 spatiose
939 3364 1109 3445 incubant,
1120 3365 1204 3430 alias
1213 3375 1417 3451 attestantur,
1425 3366 1588 3431 sedetiam
1648 3335 1649 3426 i

459 3566 463 3570 ι
483 3456 653 3568 uolgatam
672 3482 860 3560 lectionem,
884 3481 1053 3546 aBudaeo
1073 3482 1124 3547 De
1140 3504 1218 3547 asse
1241 3506 1272 3568 p.
1285 3483 1360 3552 216.
1383 3505 1402 3548 e
1425 3486 1587 3550 codicibus

483 3604 599 3673 nescio
623 3602 743 3690 quibus
773 3600 939 3685 prolatam
966 3603 1065 3684 (nam
1091 3604 1210 3689 quibus
1232 3602 1323 3667 iibris
1345 3603 1428 3670 Mss.
1449 3626 1531 3670 usus
1552 3603 1589 3667 sit

482 3721 652 3802 Budaeus,
672 3740 765 3785 ⁴ntum
785 3740 851 3783 uon
874 3728 1024 3798 constat,
1053 3720 1186 3804 optimis
1211 3722 1341 3807 quidem
1365 3722 1421 3785 vix
1442 3724 1589 3788 videntur
1648 3705 1649 3780 i

482 3861 561 3908 esse
591 3836 832 3920 accensendi).
891 3835 1078 3901 Barbarum
1105 3848 1216 3902 autem
1244 3839 1411 3924 appellavi
1439 3838 1588 3928 queml(
1648 3909 1649 3912 Ἴ

483 3958 630 4043 Siliigius
652 3956 809 4033 nominat,
832 3952 960 4019 scilicet
980 3952 1146 4019 famosum
1165 3954 1256 4019 ilium
1270 3953 1426 4022 Veterem
1445 3961 1587 4024 codicem
1648 3987 1649 4024 t

482 4076 703 4163 Dalecampii,
725 4096 821 4162 quem
837 4072 961 4138 nullum
978 4073 1110 4138 omniuo
1130 4070 1239 4139 fuisse
1252 4095 1451 4159 persuasum
1472 4077 1587 4153 habeo,

481 4192 561 4258 iicet
585 4215 651 4258 non
684 4194 822 4260 Barbari
845 4203 971 4258 tantum
1000 4192 1063 4256 sed
1087 4192 1227 4258 aliorum
1249 4194 1347 4259 etiam
1367 4197 1514 4262 virorum
1536 4199 1587 4262 do·
1648 4181 1649 4276 J

483 4322 611 4378 ctorum
624 4314 836 4378 coniecturas
850 4332 890 4377 ea
902 4309 989 4397 sigla
1002 4310 1243 4396 comprehendi
1256 4315 1500 4399 perspexerim.
1518 4315 1586 4381 Hoc
1648 4295 1649 4354 3

483 4441 577 4496 certe
602 4430 679 4495 ioco
702 4441 737 4495 et
763 4430 851 4497 inira
877 4432 912 4518 §.
933 4429 1006 4497 209.
1031 4431 1201 4516 scriptura
1229 4455 1248 4499 e
1279 4432 1308 4497 V
1329 4434 1362 4498 in
1383 4433 1584 4521 Dalecampii
1648 4421 1649 4480 ἶ

480 4547 631 4635 margins
645 4545 747 4614 allato
766 4548 800 4613 in
814 4547 956 4617 vetustis
974 4548 1138 4635 exemptis
1157 4569 1245 4636 qnae
1259 4552 1302 4617 ab
1315 4550 1495 4624 Hermolao
1508 4554 1584 4620 Bar·
1648 4543 1649 4616 ζ
