3700 5625
452 717 530 829 ‘68-
922 729 1013 790 Liber
1040 725 1132 792 XIX.

474 923 632 1011 positione
653 924 807 989 utendum
830 942 901 988 esse
931 922 1066 988 arbitror
1087 922 1232 1011 duosque
1262 943 1372 990 versus
1396 944 1414 988 e
1434 925 1565 1010 margine

473 1047 682 1128 praepostero
704 1042 775 1106 loco
796 1042 829 1107 in
850 1039 937 1106 aliud
961 1061 998 1105 ac
1020 1061 1079 1128 par
1101 1049 1170 1107 erat
1191 1042 1302 1106 folium
1323 1043 1565 1128 transmigrasse.

473 1160 523 1223 lta
546 1159 574 1242 ἓ
596 1159 657 1228 336
675 1159 715 1224 de
737 1158 834 1223 africo
859 1157 998 1222 dicetur:

516 1280 574 1358 Qut
587 1281 765 1354 seminece
787 1298 815 1339 c
837 1281 856 1339 ι’.
878 1280 909 1342 Ιι.
933 1297 958 1341 v.
980 1298 1005 1340 s
1028 1283 1045 1340 i.
1069 1281 1184 1356 cogito
1216 1281 1247 1340 in
1269 1280 1349 1340 bunc
1370 1298 1391 1338 a
1412 1283 1490 1341 coitu
1510 1297 1565 1341 cum

513 1413 547 1458 sc
557 1413 652 1474 pecus
674 1400 891 1476 circumegerit,
912 1399 1043 1471 feminus
1064 1403 1225 1476 conceptos
1244 1413 1307 1458 esse
1327 1401 1413 1460 scito.

391 1568 453 1645 379
896 1533 1027 1636 sss:
1036 1533 1094 1621 34
1097 1536 1156 1606 ιι

477 1718 481 1725 -
523 1661 753 1744 Praedoctus
777 1667 879 1739 esto:
924 1659 996 1738 alia
1022 1662 1184 1740 robustis
1218 1668 1389 1785 prosunt,
1429 1662 1498 1740 alia
1521 1665 1567 1739 iu·

501 1794 697 1894 lantibus,

477 1935 484 1944 '
524 1904 528 1909 ⁴
557 1933 735 1992 &cedicius
771 1946 800 2010 a,
844 1929 1023 2012 Praedictus
1055 1924 1133 1990 To.
1163 1925 1184 1989 i.
1218 1947 1244 1990 s.
1274 1910 1463 2006 praedictum
1493 1927 1566 2011 quod
1649 1939 1650 1974 ³

473 2030 665 2113 vocabulum
685 2065 750 2109 non
777 2063 850 2108 raro
873 2043 959 2128 apud
980 2043 1118 2108 Plinium
1148 2043 1320 2128 reperitur,
1351 2063 1424 2108 cum
1446 2044 1568 2108 alterum
1649 2055 1650 2093 ἒ

395 2221 425 2267 3.
475 2184 644 2250 nusquam,
666 2163 727 2227 nisi
750 2162 854 2245 fallor,
875 2162 1011 2248 legatur.

895 2320 965 2395 341
981 2349 1026 2383 =
1038 2319 1159 2406 stus.

486 2461 493 2470 “
525 2449 765 2549 quamobrem
788 2456 836 2526 et
873 2448 968 2525 haec
1004 2447 1165 2526 breviter
1196 2447 1409 2546 attingimus
1436 2489 1480 2503 -
1504 2446 1568 2547 pri·
1649 2421 1650 2446 ¹

525 2604 699 2682 mumque
724 2605 746 2659 a
772 2579 853 2659 sole
880 2582 1068 2682 capiemus
1095 2581 1300 2681 praesagia.
1649 2671 1650 2678 Ν

478 2715 481 2718 ’
532 2713 720 2781 ¹Orationis
743 2714 938 2779 concinnitas
960 2713 1159 2800 postulatut
1122 2713 1293 2778 utscribat
1280 2717 1331 2777 tur
1351 2719 1550 2792 attingemus.
1649 2787 1650 2795 ἵ

391 2886 453 2956 381
483 2945 491 2957 ,Α
895 2884 1024 2959 351=
1037 2886 1095 2971 35,
1097 2885 1157 2959 80
1649 2992 1650 3001 Ν

525 2968 567 3087 Si
590 3032 658 3086 ver
671 3014 707 3086 ct
733 3016 855 3087 aestas
881 3035 957 3091 uon
982 3013 1063 3089 siue
1088 3012 1195 3112 riguo
1223 3008 1567 3109 aliquotransierinl,
1649 3024 1650 3033 ¹

525 3149 738 3220 autumnum
764 3166 936 3222 screnum
962 3169 1007 3222 ac
1033 3145 1265 3223 densum-
1291 3142 1437 3220 facient.
1649 3228 1650 3235 Ν

558 3276 622 3340 Pro
655 3297 685 3344 v.
719 3282 842 3341 densum
877 3278 1005 3343 Hoffius
1038 3278 1071 3341 in
1094 3276 1195 3342 diurn.
1232 3276 1331 3362 antiq.
1352 3277 1435 3343 1854
1464 3296 1493 3361 p.
1515 3271 1568 3341 701

476 3400 563 3459 recte
597 3405 706 3458 tersum
750 3395 902 3478 coniecit,
940 3402 1029 3475 riguo
1074 3394 1159 3480 quod
1204 3399 1387 3479 corruptum
1420 3413 1489 3457 esse
1510 3389 1568 3455 Sill.
1649 3378 1650 3383 ἵ

476 3510 616 3592 viderat,
653 3509 722 3574 Ian.
743 3510 777 3573 in
798 3518 902 3591 rigore
923 3512 1077 3595 correxit,
1109 3484 1233 3575 facilius
1265 3510 1441 3574 mutabitur
1473 3512 1503 3573 in
1519 3510 1569 3583 fri-

476 3648 559 3711 acre,
582 3628 672 3691 cuius
698 3628 785 3691 vocis
796 3629 899 3713 prima
915 3629 1021 3693 littera
1032 3628 1145 3692 ultima
1158 3628 1323 3713 proximae
1345 3634 1409 3693 siue
1430 3627 1569 3711 absorpta

477 3753 542 3828 est,
570 3746 641 3809 finis
663 3746 697 3809 in
719 3745 957 3812 similitudinem
985 3747 1017 3810 in
1046 3747 1208 3835 sequentis
1229 3745 1461 3810 terminationis
1492 3742 1567 3808 abiit.
1649 3744 1650 3749 ’

478 3864 583 3951 Supra
595 3884 667 3928 cum
680 3862 730 3927 ed.
753 3862 864 3927 Dalec.
880 3886 1008 3943 quorum
1023 3885 1039 3927 e
1055 3863 1125 3928 cod.
1148 3885 1168 3928 a
1190 3863 1272 3949 lego,
1296 3864 1324 3947 ξ.
1338 3864 1400 3932 337
1419 3862 1567 3947 vulgatam

476 3966 647 4049 lectionem
666 3986 770 4065 etiam,
793 3980 863 4046 cod.
886 3982 907 4046 d
931 3983 1165 4065 confirmatam,
1192 3981 1303 4068 probo.

357 2383 363 2392 ’
392 2376 455 2448 380

936 4266 1015 4343 bill.
1040 4265 1123 4341 xli.

519 4465 694 4551 Aliquanto
716 4463 923 4550 locupletiore
947 4471 979 4528 et
1011 4464 1143 4528 meliore
1166 4462 1313 4528 adhunc
1335 4464 1451 4529 librum
1472 4478 1564 4525 emen·

481 4582 623 4650 dandum
649 4582 861 4646 instrumento
888 4582 936 4645 uti
963 4580 1080 4645 licebit.
1122 4580 1206 4645 Nam
1226 4587 1355 4667 praeter
1387 4581 1455 4646 cod.
1477 4600 1492 4645 c
1511 4593 1564 4639 nou

480 4701 571 4789 parvi
596 4697 779 4764 faciendum
809 4698 930 4785 insigni
962 4698 1152 4763 auctoritate
1183 4696 1459 4787 Pseudo-Apuleii
1491 4694 1563 4777 frag·
