3700 5625
467 720 549 791 '204
794 780 801 788 .
906 728 996 791 aste
1024 728 1165 792 XXXII.

403 972 465 1040 719
708 931 954 1017 lao=1ulr
1001 926 1071 1017 (de
1096 924 1373 1026 sanguisugis).

533 1057 613 1153 [hic
639 1058 782 1135 suffitus
808 1058 989 1135 urentium
1016 1081 1079 1135 eas
1103 1036 1212 1134 ne'cru
1238 1057 1389 1135 cimices
1415 1060 1542 1151 unice]

566 1195 696 1255 invectos
717 1191 812 1276 vulgo
835 1192 919 1255 male
941 1191 1005 1276 legi
1028 1190 1068 1255 ab
1091 1191 1170 1255 Iano
1191 1191 1388 1257 intellectum
1412 1198 1472 1273 est,
1495 1190 1573 1277 quie

485 1308 642 1394 scriptura
663 1307 733 1373 cod.
755 1308 784 1373 B
805 1315 836 1373 iu
854 1315 919 1373 uice
940 1316 1006 1374 tres
1028 1308 1228 1374 coniecturas
1251 1309 1376 1373 elicuit:
1399 1316 1533 1387 inuicem,
1552 1314 1575 1370 io

485 1439 577 1499 seue,
611 1432 712 1502 uniam
747 1438 943 1511 postremam
972 1428 1094 1513 recepit
1125 1428 1218 1511 eique
1250 1426 1315 1491 Sill.
1348 1426 1575 1511 obtemperavit.

485 1543 643 1629 Equidem
664 1543 800 1630 primam
822 1545 1034 1630 praeferrem,
1067 1565 1141 1609 nom
1162 1543 1284 1609 XXIX.
1307 1544 1348 1612 62
1372 1544 1482 1609 suffitu
1504 1543 1577 1608 cimi-

486 1682 557 1726 cum
579 1660 743 1727 hirudines
765 1662 852 1747 abigi
875 1661 1039 1746 donnum,
1072 1662 1099 1726 si
1121 1682 1187 1727 une
1208 1682 1286 1727 voce
1317 1669 1442 1727 mutate
1464 1682 1579 1727 sensum

476 1770 632 1867 ‘expediri
666 1777 744 1842 mihi
778 1778 1017 1863 persuaderem.
1059 1779 1153 1844 Nunc
1175 1780 1208 1845 in
1236 1780 1343 1845 multis
1371 1780 1502 1845 haereo.
1541 1780 1580 1843 Ac

486 1897 622 1983 primum
644 1894 772 1983 quidem
794 1917 857 1959 non
885 1896 1139 1961 comburentium
1162 1903 1287 1962 tantum
1321 1898 1450 1963 cimices
1485 1898 1582 1961 necari

485 2020 737 2079 consentaneum
759 2019 810 2077 est
835 2014 893 2078 sed
915 2035 971 2079 eos
993 2035 1120 2101 quoque
1158 2016 1211 2101 qui
1240 2016 1273 2079 in
1297 2016 1453 2080 cubilibus
1476 2016 1582 2097 letent;

487 2131 602 2196 deinde
624 2152 720 2197 voces
741 2131 804 2215 ,hic
827 2132 965 2196 suffitus‘
986 2153 1043 2217 pro
1065 2132 1189 2215 ,hurum
1211 2131 1348 2197 suffitus‘
1369 2134 1421 2197 vel
1443 2100 1583 2216 ,deerni-

485 2249 552 2313 fitu‘
575 2250 629 2313 vix
649 2249 764 2313 Latine
789 2248 851 2313 dici
872 2256 970 2333 puto,
1000 2255 1100 2313 totam
1123 2249 1260 2336 denique
1283 2251 1476 2315 senteutiam
1498 2258 1529 2315 et
1550 2249 1584 2313 eb

394 2376 398 2382 '
485 2367 640 2432 hocloco
664 2387 727 2452 quo
751 2366 791 2430 de
813 2364 976 2451 psilothris
997 2366 1118 2453 egitur,
1149 2367 1285 2431 alienam
1308 2387 1379 2431 esse
1403 2367 1538 2432 arbitror
1560 2374 1586 2430 et

487 2503 758 2570 supervacaneam
781 2484 919 2566 omnino,
942 2504 1039 2569 quum
1063 2484 1103 2547 de
1125 2484 1181 2548 illa
1202 2484 1384 2549 hirudinum
1399 2486 1514 2549 virtute
1529 2486 1586 2549 iem

487 2604 515 2687 ξ.
544 2602 600 2669 124
621 2600 706 2665 idem
727 2602 863 2665 relatum
886 2602 936 2666 eit.
969 2601 1053 2676 Quid
1078 2601 1381 2666 multeldelendus
1405 2612 1455 2667 est
1476 2623 1583 2667 sensus
1645 2581 1647 2655 Ϊ

488 2718 694 2805 esuperiore
715 2717 786 2781 looo
819 2720 948 2783 saeculo
970 2724 1006 2783 ut
1026 2718 1151 2783 videtur
1171 2727 1284 2805 quarto
1318 2719 1358 2785 ub
1380 2720 1509 2785 homine
1529 2740 1588 2784 non
1647 2711 1649 2805 ζ

487 2839 541 2902 illo
563 2837 692 2923 quidem
714 2835 843 2900 indocto
872 2837 930 2901 sed
953 2837 1158 2922 elegantioris
1181 2837 1333 2902 orationis
1362 2839 1467 2902 minus
1489 2839 1587 2923 perito

488 2956 653 3041 repetitus.

570 3074 599 3158 S.
624 3072 871 3139 launomarum
898 3071 1034 3156 piscium
1057 3069 1211 3153 OXLHII
1240 3078 1423 3156 corruptum
1457 3073 1589 3158 olimque

487 3196 574 3255 recte
590 3187 759 3254 unxxvl
774 3190 925 3275 seriptum
944 3207 1015 3253 esse
1033 3198 1066 3252 et
1079 3187 1166 3252 facili
1178 3190 1414 3276 computatione
1431 3189 1588 3253 nominum

489 3328 573 3394 quae
616 3308 827 3392 insequuntur
859 3305 946 3372 fecte
976 3305 1164 3390 intelligitur
1194 3311 1227 3370 et
1247 3305 1352 3370 indice
1374 3306 1405 3370 h.
1428 3305 1448 3368 l.
1482 3305 1587 3370 confir·

488 3432 603 3490 metur.
646 3423 704 3509 Ibi¹
732 3425 817 3488 enim
849 3424 919 3508 ipse
956 3426 1008 3508 qui
1042 3424 1206 3508 quaeritur
1240 3444 1392 3487 numerus
1427 3419 1586 3488 CLXXVI

489 3542 655 3626 reperitur.

405 3694 469 3764 720
639 3697 889 3783 147=11,53
922 3693 1016 3770 inter
1041 3692 1165 3793 pisces
1192 3699 1451 3770 enumerantur

538 3825 707 3918 cochloe,
735 3849 890 3927 quorum
912 3826 1064 3926 generis
1090 3841 1137 3882 ⁴-
1163 3823 1325 3916 heliceS,
1352 3823 1433 3900 eliis
1460 3824 1588 3901 actino-

540 3959 681 4062 phoroe
708 3961 888 4051 dicuntur,
915 3958 1050 4058 quibus
1077 3957 1168 4034 redii
1185 3965 1354 4074 cantant3
1382 3963 1486 4034 extra
1505 3958 1589 4033 haec

539 4101 624 4169 sunt
649 4093 831 4171 rotundae
858 4093 923 4170 rel.

573 4225 709 4290 Rectum
731 4224 924 4290 emendandi
954 4225 1038 4289 viem
1068 4223 1231 4308 ingressus
1262 4223 1360 4288 estB
1388 4197 1519 4287 anctore
1547 4223 1588 4284 le-

490 4365 562 4423 nus,
595 4343 642 4406 itu
663 4349 772 4407 tumen
793 4350 829 4407 ut
857 4362 970 4407 vocem
996 4345 1077 4406 radii
1098 4341 1222 4405 cautius
1245 4360 1339 4424 quum
1373 4339 1479 4405 verius
1507 4337 1589 4403 omit·

490 4466 582 4524 teret.
626 4458 755 4524 Scilicet
774 4458 808 4524 id
829 4458 958 4544 quidem
979 4458 1082 4525 virum
1102 4456 1384 4543 prudentissimum
1407 4477 1472 4521 non
1494 4454 1589 4532 latuit,

490 4575 576 4662 quod
599 4575 739 4660 Silligius
762 4575 824 4641 eibi
844 4575 1014 4661 persuasit,
1049 4575 1117 4639 lieri
1139 4595 1203 4640 non
1224 4595 1321 4661 posse
1343 4581 1379 4639 ut
1400 4574 1499 4638 radiis
1521 4591 1588 4637 con·

491 4695 571 4764 ehoe
592 4715 656 4758 non
678 4712 818 4760 concavo
840 4692 975 4759 buccine
998 4692 1068 4758 soni
1086 4692 1268 4758 eliciantur:
1292 4691 1443 4779 sedquee
1458 4713 1475 4756 e
1488 4692 1588 4756 Xeno·
