3700 5625
455 726 515 803 196
733 699 737 707 ’
888 738 981 800 aruer
1001 738 1127 805 mr.

452 927 608 1015 largiores
629 929 713 995 lacte
734 928 898 1015 multoque
927 932 1083 1017 gratiores
1106 932 1193 998 cassi
1215 931 1300 997 dote‘
1322 932 1466 1018 scripsit,
1495 932 1563 999 ior·

451 1051 539 1112 tasse
560 1053 658 1114 recte.

369 1160 430 1237 701
508 1186 516 1202 ·
867 1170 917 1245 88
935 1198 966 1227 =
981 1165 1130 1243 ibidem.

501 1296 949 1396 adeoqueuesessarium
978 1298 1198 1375 elementum
1226 1305 1348 1376 estut
1376 1300 1565 1380 transierit

499 1427 709 1507 intellectus
749 1430 797 1506 ad
834 1430 1044 1530 voluptates
1085 1430 1195 1508 animi
1230 1452 1397 1530 quoque;
1436 1454 1564 1509 scom-

501 1568 598 1637 mata
624 1561 723 1639 seles
749 1562 981 1662 appellantur
1005 1563 1198 1661 omnisque
1227 1561 1325 1641 vitae
1352 1561 1462 1664 lepos
1489 1621 1561 1641 ...

500 1716 575 1773 non
600 1692 673 1771 alio
701 1695 819 1794 magis
845 1695 1029 1774 vocabulo
1057 1702 1213 1773 constal.

534 1825 618 1901 Quid
640 1830 801 1893 sententia
821 1827 1017 1915 requiratur,
1049 1826 1207 1892 intellexit
1239 1827 1368 1913 quidem
1390 1828 1564 1893 Pintiauus

451 1943 510 2008 sed
532 1944 662 2008 nomine
675 1945 844 2030 peregrino
858 1930 943 2010 male
958 1944 1131 2029 expressit3
1152 1946 1207 2031 qui
1223 1951 1331 2009 autem
1348 1944 1390 2009 ad
1404 1945 1563 2009 librorum

452 2062 543 2127 MSS.
556 2063 745 2148 scripturam
755 2062 886 2149 propius
900 2083 935 2127 se
958 2062 1110 2148 applicuit
1121 2062 1219 2127 Ianus
1234 2062 1379 2127 subiecto
1393 2082 1430 2127 se
1448 2082 1562 2129 carere

392 2236 397 2245 ,
449 2199 546 2266 posse
568 2179 701 2265 putarit.
745 2177 817 2252 Qui.
830 2198 912 2263 quae
935 2180 1106 2245 lectionis
1128 2179 1193 2247 Sill.
1218 2185 1369 2266 receptae
1392 2180 1563 2245 substituit

449 2295 609 2379 ,nimirum
633 2318 652 2361 a
674 2298 741 2361 sale
763 2299 825 2381 ap.‘
848 2304 1019 2383 propterea
1043 2318 1108 2365 non
1128 2298 1262 2362 ferenda
1292 2317 1364 2362 csse
1386 2298 1563 2381 contendo,

449 2414 527 2500 quia
542 2435 606 2479 nou
619 2435 731 2480 omues
750 2413 847 2477 animi
858 2414 1039 2500 voluptates
1061 2415 1165 2479 ssale
1183 2415 1394 2501 appellentur,
1417 2414 1476 2479 scd
1496 2415 1564 2481 ioci

450 2532 608 2617 salesque.
652 2532 699 2598 Eo
721 2532 818 2618 igitur
840 2530 972 2597 consilio
996 2532 1037 2596 ad
1060 2532 1236 2597 litterarum
1264 2531 1377 2596 ductus
1401 2532 1562 2597 acceden-

450 2648 527 2714 dum
549 2655 613 2734 est,
646 2656 682 2715 ut
701 2650 842 2714 iocorum
877 2650 1068 2715 vocabulum
1089 2650 1164 2715 inde
1196 2650 1405 2736 expisoemur.
1448 2652 1562 2736 Atque

449 2768 529 2835 haec
552 2766 585 2832 in
608 2767 695 2834 libris
717 2767 808 2835 Mus,
831 2769 998 2854 leguntur:
1036 2774 1128 2834 animi
1150 2788 1267 2848 quoquc
1287 2752 1380 2833 crimin
1398 2773 1464 2832 sole
1489 2772 1560 2851 (sa-

450 2894 491 2952 les
503 2886 578 2971 R²).
601 2884 703 2969 Quae,
726 2885 782 2951 ubi
803 2885 909 2950 animo
922 2887 1120 2971 reputaveris
1133 2854 1392 2952 terminationem
1411 2887 1563 2965 quenihil

450 3024 522 3070 esse
535 3003 597 3069 nisi
615 3024 658 3086 ce,
680 3025 776 3090 quam
800 3004 976 3089 scripturae
998 3005 1265 3089 permutationem
1289 2991 1330 3068 ne
1354 3004 1395 3068 ab
1418 3005 1561 3091 impera-

450 3135 554 3188 torum
568 3122 697 3209 quidem
709 3129 815 3186 aetate
826 3142 957 3208 prorsus
965 3121 1100 3187 alienam
1118 3142 1189 3188 esse
1200 3122 1426 3188 velnotissimo
1436 3123 1560 3208 templo

450 3241 612 3305 Fortunae
632 3240 792 3326 huiusque
818 3211 882 3304 diei
903 3240 1157 3324 demonstratur,
1188 3240 1353 3305 vocabulis
1389 3246 1477 3305 recte
1510 3239 1559 3305 di·

451 3359 574 3423 stinctis
596 3360 773 3444 paucisque
795 3358 942 3422 litterulis
964 3359 1107 3442 mutatis,
1129 3361 1174 3423 ita
1199 3357 1364 3423 emendari
1386 3364 1536 3446 apparet:

492 3482 600 3556 animi,
622 3481 703 3541 ioci
724 3483 818 3541 caim
842 3498 861 3540 a
882 3484 964 3541 sole
985 3484 1179 3558 appellantur.

534 3595 562 3678 ἓ.
585 3594 627 3661 94
649 3601 845 3660 lautissimum
875 3593 979 3660 scribo
1002 3615 1073 3660 cum
1095 3595 1192 3677 RV,
1225 3615 1289 3660 uon
1311 3598 1558 3676 loudotbrsimum

382 3793 385 3805 Ι
451 3713 479 3796 ἓ.
502 3711 542 3779 98
564 3732 636 3776 cum
658 3711 725 3775 Rd
757 3712 889 3776 verbum
919 3725 962 3776 ert
994 3733 1077 3798 pone
1098 3734 1127 3778 v.
1154 3719 1242 3792 tpnec
1265 3713 1405 3795 colloco,
1446 3712 1475 3798 S.
1498 3713 1559 3778 102

449 3830 587 3916 priorem
610 3830 882 3917 praepositionem
905 3837 936 3896 la
960 3830 1176 3916 dittographia
1198 3838 1300 3896 ortem
1323 3850 1395 3894 esse
1417 3838 1505 3916 puto.

366 3996 428 4069 702
868 3931 1121 4041 -104=-‘.c,m.

500 4081 774 4160 crocodilorum
813 4083 997 4160 morsibus
1046 4079 1180 4174 (salem
1218 4080 1449 4180 imposuere)
1510 4104 1554 4157 ex

498 4221 604 4292 aceto
631 4215 668 4290 iu
695 4212 856 4291 linteolis
894 4216 944 4291 ita
970 4222 1009 4290 ut
1045 4215 1283 4339 batuerentur
1321 4218 1406 4289 ante
1433 4213 1555 4289 vincta

498 4345 634 4424 ulcera.

511 4486 635 4545 vinculis
651 4479 760 4560 Ianus,
782 4483 832 4544 tic
846 4478 906 4543 Vd
928 4479 1030 4544 inoR¹
1043 4485 1153 4544 ictuum
1163 4477 1208 4542 R²
1231 4497 1248 4542 e
1269 4478 1290 4543 i.
1306 4497 1334 4542 e.
1358 4487 1428 4543 onte
1448 4485 1554 4543 uinc-

451 4608 578 4661 turom.
596 4595 714 4661 Ulcera
724 4602 896 4683 antequam
910 4597 1021 4662 vinciri
1034 4596 1226 4683 coepissent,
1238 4613 1363 4660 veneno
1377 4595 1554 4662 liberaban-

449 4720 512 4794 tur,
520 4712 606 4798 quod
614 4711 1036 4778 bamendousterotmedioi
1044 4719 1285 4799 praeceperant
1297 4715 1404 4779 tumin
1412 4717 1554 4781 vinctura
