3700 5625
708 584 811 652 Libet·
830 585 872 652 X.
1283 581 1346 649 159

290 771 401 848 currit
428 773 548 872 pedes
571 771 652 848 eius
676 773 752 848 leta
778 795 1020 874 praegravem
1048 779 1112 849 aut
1137 773 1344 850 delumbem

290 933 369 984 sese
392 907 568 984 simulans
596 913 658 982 rel.

319 1060 468 1126 Verbum
491 1068 580 1124 metu
602 1057 756 1127 hocloco
771 1058 908 1127 tolerari
930 1082 996 1126 non
1012 1081 1117 1147 posse
1131 1047 1346 1126 consentiens

248 1179 380 1244 estsere
402 1178 476 1250 VV.
495 1177 558 1245 Do
585 1179 750 1246 iudicium.
802 1181 887 1248 Nam
915 1203 989 1262 non*
1011 1153 1099 1247 metu
1129 1182 1191 1246 sed
1211 1181 1347 1246 libidine

249 1300 438 1364 obcaecatas
459 1300 492 1363 in
509 1319 657 1384 aucupes
673 1299 802 1363 irruere
825 1300 981 1384 perdices
1004 1312 1037 1365 et
1058 1299 1132 1386 ipsc
1147 1300 1271 1366 Plinius
1290 1301 1347 1365 do·

249 1429 294 1482 cet
314 1415 558 1484 etAristoteles
582 1437 678 1506 quem
702 1431 780 1484 ante
805 1417 923 1485 oculos
946 1419 1073 1504 babuit,
1094 1431 1239 1487 testatur
1258 1420 1345 1486 Hist.

248 1539 329 1603 anim.
343 1537 438 1605 tx.8.
476 1539 575 1614 Quod
598 1541 653 1632 qui
675 1541 802 1627 primus
825 1540 1060 1606 aulnmdvertit
1080 1540 1250 1610 Pirotianus
1271 1563 1348 1628 pro·

248 1659 334 1722 bento
355 1655 567 1723 Schneidero
589 1659 632 1722 ad
654 1655 759 1726 Arist.
773 1668 798 1728 t.
810 1658 862 1724 lll.
885 1681 915 1744 p.
929 1655 988 1736 68,
1013 1657 1212 1725 vocabulum
1234 1656 1349 1725 delere

249 1777 348 1857 voluit,
372 1755 561 1846 Salmasius
583 1802 616 1870 p.
630 1775 698 1844 159.
720 1779 753 1846 in
776 1777 866 1842 uelut
886 1778 1024 1858 mutari,
1052 1776 1242 1843 lietduinus
1264 1779 1349 1842 initu

249 1897 452 1962 scribendum
476 1919 573 1977 esse,
603 1897 666 1963 etsi
692 1908 831 1986 propter
853 1895 1011 1961 librorum
1033 1915 1236 1962 consensum
1258 1897 1349 1962 dubi·

250 2015 403 2080 tabundus
431 2014 586 2082 coniecit
637 2015 683 2084 At
705 2036 788 2082 vero
810 2012 867 2080 hic
888 2035 1021 2101 quoque
1044 2012 1214 2081 leuissimo
1238 2025 1347 2082 trans-

250 2135 413 2217 positionis
434 2134 584 2200 remedio
607 2134 763 2199 utendum
787 2144 840 2198 est
861 2144 899 2212 et,
917 2132 1148 2198 scribendum:

282 2275 374 2340 saepe
395 2274 516 2316 caecae
531 2251 677 2317 sedeam.
698 2246 733 2318 S.
757 2274 786 2314 a.
808 2274 839 2342 aa.
863 2251 883 2317 i.
903 2272 931 2318 c.
952 2274 983 2317 a.
1006 2273 1037 2317 o.
1056 2274 1091 2341 p.
1115 2274 1143 2315 a.
1157 2248 1240 2338 feto,
1262 2261 1351 2316 metu

281 2393 492 2462 proepruoem
513 2391 583 2434 sese
603 2367 776 2459 simulam,

251 2490 266 2554 i.
284 2512 309 2556 e.
331 2501 473 2575 propter
496 2499 617 2554 metum
641 2485 803 2552 simulans
826 2507 865 2552 se
886 2507 966 2552 esse
987 2507 1219 2574 praegravem.
1241 2489 1350 2556 Feiel·

250 2607 322 2673 lerot
343 2608 496 2674 scribam
520 2608 699 2674 verborum
722 2625 839 2672 caecae
861 2616 895 2672 et
914 2601 985 2692 fcto
1006 2606 1039 2674 io
1056 2608 1212 2693 versibus
1232 2608 1352 2676 vicinis

250 2727 427 2794 similitudo.

662 2878 935 2975 1⁷a=oaaa
1116 2833 1122 2844 ’
1373 2902 1435 2973 ,96

291 3041 524 3115 avertuntur
559 3043 597 3108 et
623 3054 755 3127 canes,
787 3030 950 3132 phocae,
983 3031 1061 3134 lupi
1091 3031 1130 3107 in
1155 3024 1352 3134 medioque

293 3172 391 3249 coitu
415 3168 617 3269 invitique
645 3167 755 3245 etiam
776 3168 988 3243 cohaerent.

322 3325 463 3390 Famem
477 3319 617 3387 alterum
636 3342 700 3412 que
715 3331 792 3409 post
806 3320 913 3399 inuiti,
931 3320 960 3386 si
977 3323 1082 3388 verba
1102 3319 1219 3408 „inviti
1232 3319 1355 3388 etiem“

255 3443 365 3509 obesse
387 3451 541 3529 possent.
585 3439 747 3515 Quoniam
767 3459 848 3505 vero
869 3451 1014 3524 apparet
1038 3459 1080 3506 ea
1098 3440 1142 3504 ad
1156 3439 1356 3535 sententiam

256 3559 445 3647 explendam
468 3554 667 3625 necessaria
690 3576 780 3635 esse,
802 3552 979 3622 delendam
998 3557 1152 3645 copulam
1173 3576 1313 3625 censeo.

657 3747 732 3825 1⁷9
749 3747 947 3825 :ibidem
1375 3760 1436 3827 197

298 3904 425 4007 Equus
455 3912 580 3980 autem
609 3910 695 4005 post
722 3900 872 3977 tertium
902 3898 1093 3978 diemout
1128 3912 1215 4019 post
1243 3927 1357 3979 unum

300 4046 341 4123 ab
364 4043 481 4120 enixu
503 4041 643 4117 utiliter
665 4038 807 4117 admitti
820 4047 958 4140 ¹putant
979 4050 1188 4140 coguntque
1213 4038 1358 4137 invitas,

301 4192 336 4255 et
366 4178 502 4257 mulier
535 4176 694 4279 septimo
724 4176 785 4253 die
817 4175 1018 4277 concipere
1042 4176 1213 4255 facillime
1240 4179 1359 4257 credi·

300 4327 358 4394 tur
383 4324 448 4392 rel.

332 4470 527 4555 lmpeditum
560 4474 819 4551 corruptumque
845 4463 959 4530 locum
989 4484 1069 4531 asae
1099 4486 1177 4532 cnm
1206 4465 1262 4535 alii
1292 4478 1361 4533 tum

262 4584 422 4655 Pintianus
442 4587 605 4673 inprimis
623 4584 786 4654 intellexit
807 4604 989 4671 veramque
1001 4585 1158 4654 medendi
1171 4587 1259 4654 mam
1270 4608 1360 4653 mon·
