3700 5625
731 751 823 815 Ltter
843 755 878 815 Χ
882 753 933 816 Vl.
1351 751 1383 821 ¹9

290 945 375 1011 faesia
401 946 619 1034 corrigemus,
653 967 727 1012 eum
750 949 836 1012 mule
861 947 895 1012 in
916 945 1081 1013 codicibus
1102 945 1273 1014 coniuncta
1293 951 1382 1012 recte

209 1140 210 1143 Ἴ
290 1056 527 1146 distinguemus
543 1084 727 1151 paucasque
755 1065 879 1130 litteras
909 1047 1113 1130 mutabimus.
1169 1064 1383 1156 Opponsntur

289 1183 388 1242 summ
407 1177 502 1244 radix
531 1187 564 1246 at
592 1181 703 1265 arbor,
736 1182 852 1248 deinde
872 1182 1009 1248 materia
1029 1188 1062 1247 et
1083 1182 1193 1266 arbor,
1229 1189 1262 1248 et
1281 1181 1382 1248 radici

288 1294 407 1380 quidem
434 1305 583 1378 crepanti
610 1299 663 1364 rel
678 1299 793 1385 potius
824 1305 1000 1382 crispicans
1032 1305 1174 1382 (aristot.
1189 1306 1277 1396 cass·
1297 1299 1382 1366 anim

287 1413 377 1479 habet
392 1414 462 1480 eod.
486 1421 522 1498 a)
540 1415 635 1483 arbor
646 1437 710 1482 uon
727 1422 801 1482 lanis
822 1416 880 1482 sad
899 1423 983 1502 levis,
997 1417 1103 1484 arbori
1120 1419 1264 1501 materia,
1286 1437 1382 1504 quam

209 1620 210 1629 ἵ
288 1531 330 1612 sio
348 1532 531 1599 describunt
551 1533 696 1598 codices:

209 1632 210 1677 ⁴
324 1651 465 1737 aquiest
485 1651 620 1716 materia
641 1652 749 1716 silenti
770 1657 803 1716 et
824 1650 963 1738 quadam
985 1650 1110 1717 duritie.

322 1770 342 1834 d
363 1771 451 1856 quies
473 1769 628 1834 materiae
650 1768 776 1834 silentio
799 1769 937 1856 quodam
959 1776 992 1835 et
1013 1770 1139 1835 duritie.

360 1889 427 1952 Iam
456 1906 533 1951 uero
562 1889 658 1966 quiesi
682 1887 735 1951 uel
764 1894 847 1967 quies
879 1887 958 1952 nihil
988 1885 1079 1980 aliud¹
1096 1893 1146 1952 est
1167 1907 1264 1972 qnam
1285 1892 1383 1968 cutus,

285 2012 431 2070 materiari
450 2004 503 2070 vel
523 2010 695 2070 matertcesr'
716 2025 812 2090 quam
834 2010 961 2068 materia
983 2014 1035 2087 est,
1057 2009 1129 2068 lenti
1149 2014 1177 2067 ct
1200 2024 1295 2089 quam
1318 2009 1382 2069 lers-

285 2129 356 2206 t‘tr'c,
377 2100 493 2209 suibus
516 2121 771 2188 correctisshanc
791 2120 962 2187 lectionem
985 2120 1213 2186 nanoisoimur:

320 2246 357 2305 de
375 2253 473 2306 cetero
497 2245 569 2319 icti,
599 2247 688 2305 cutus
713 2245 842 2304 mutato
870 2252 915 2304 est
936 2245 1049 2304 kartae
1070 2243 1201 2318 quadam
1225 2250 1254 2304 et
1274 2245 1383 2306 duritie

209 2366 210 2369 ’
320 2379 359 2423 cc
374 2365 493 2438 pallore
516 2363 781 2423 commendabilis·
1195 2331 1198 2338 Ι

359 2475 408 2540 Ne
436 2476 585 2562 proxima
619 2474 749 2562 quidem
777 2473 875 2538 verba
901 2481 1077 2558 persanata
1098 2481 1186 2540 sunt:
1222 2466 1382 2540 olcostnoo

284 2594 363 2657 enim
394 2594 515 2658 buxum
544 2593 698 2678 appellari
718 2592 839 2679 nequit.
882 2591 958 2656 Tria
980 2611 1101 2679 genera
1132 2592 1381 2679 distinguuntur,

285 2709 449 2793 Gallicum,
478 2717 639 2791 nostrate,
671 2716 707 2775 ut
734 2718 821 2774 reete
836 2716 928 2794 ‘once
951 2709 1018 2775 Sili.
1041 2710 1208 2796 legebatur
1230 2712 1251 2775 i.
1277 2733 1304 2776 e.
1329 2713 1381 2776 sil·

283 2835 382 2893 vestre
413 2836 487 2893 satu
519 2829 698 2915 mitigatum
727 2834 760 2893 et
798 2829 943 2893 silvestre
972 2850 1037 2894 non
1066 2830 1263 2915 mitigatum,
1297 2830 1382 2917 quod

284 2942 460 3032 Olympium
483 2945 736 3033 aTheophrasto
758 2946 798 3010 V.
812 2946 841 3015 7.
863 2948 892 3015 7.
916 2947 1104 3034 appellatur.
1135 2948 1225 3023 Quae
1240 2948 1338 3037 igitur
1348 2949 1381 3013 in

285 3063 349 3127 eod.
372 3086 391 3129 a
408 3071 518 3131 exstat
535 3065 642 3148 lectio,
661 3071 823 3147 procerior
845 3077 890 3129 cst
910 3073 1071 3131 oleastrum
1092 3072 1123 3131 r'a
1139 3067 1186 3131 ita
1207 3066 1267 3131 erit
1287 3050 1381 3131 refin-

285 3180 404 3265 ganda:-
1035 3168 1039 3173 ⁵

508 3388 515 3392 -
610 3305 818 3381 proceriores,
850 3304 984 3365 silvestre
1004 3306 1044 3366 tn.

588 3444 602 3537 f
712 3457 944 3546 71=1s2s
1402 3458 1464 3531 aso
1592 3491 1595 3499 =
1636 3538 1639 3545 ,

307 3606 452 3717 ‘Burrus
556 3604 783 3699 crassissima
808 3607 844 3681 in
873 3606 1039 3698 Corsica,
1066 3604 1157 3685 flore
1183 3631 1256 3686 non
1279 3630 1383 3708 sper-

325 3742 466 3831 nendo,
490 3761 585 3838 quae
612 3762 725 3815 causa
750 3740 995 3817 amaritudinis
1022 3739 1159 3837 meliis;
1186 3764 1313 3819 semen
1339 3739 1381 3817 il-

209 3917 210 3984 3
325 3871 393 3950 lius
419 3872 563 3949 cunctis
592 3872 1031 3968 animanlibusinvisum.

356 4021 613 4109 Theophrastum
635 4020 688 4087 hio
710 4044 835 4109 quoque
855 4024 978 4088 Plinius
1001 4022 1161 4107 excerpsit
1181 4022 1300 4087 ultimis
1312 4042 1381 4097 var-

287 4137 327 4204 bis
347 4161 365 4205 e
385 4141 445 4205 III.
468 4142 499 4205 4.
521 4140 555 4222 6,
585 4140 744 4226 prioribus
767 4161 784 4205 e
805 4140 866 4208 III.
890 4143 940 4209 15.
963 4147 991 4208 5.
1014 4141 1168 4235 ειιηιρτίε.ἱ
1201 4140 1263 4215 Qui
1285 4160 1382 4226 quum
1418 4158 1420 4166 ’

287 4275 384 4323 semen
413 4258 492 4323 buxi
524 4278 587 4321 non
609 4258 643 4321 in
667 4256 798 4322 Corsica
821 4260 890 4323 sola
910 4259 969 4323 sed
990 4259 1108 4344 ubique
1129 4258 1169 4322 ab
1192 4258 1382 4323 animalibus

209 4427 210 4448 ,
287 4377 383 4459 sperni
403 4376 592 4459 narraverit,
624 4394 729 4461 neque
753 4375 873 4441 Corsici
894 4375 998 4440 mellis
1021 4376 1265 4441 amaritudinem
1288 4377 1381 4441 aiio·
1477 4454 1479 4457 ¹

209 4545 210 4548 ,
286 4490 322 4554 ris
331 4494 454 4576 virtute,
478 4484 537 4557 sed
554 4493 594 4557 ab
612 4493 734 4557 arboris
750 4492 962 4558 crassitudine
974 4499 1114 4578 repetat,
1137 4499 1271 4580 apparet
1283 4496 1381 4557 unum
1430 4488 1433 4501 '

288 4625 402 4703 versum
422 4609 553 4675 XXVII
579 4611 756 4675 litterarum
784 4613 818 4675 in
840 4611 951 4676 codiee
975 4611 1147 4698 archetypo
1178 4612 1261 4677 male
1284 4611 1380 4677 eollo·

209 4753 210 4798 1
289 4732 381 4792 catum
401 4701 433 4793 at
453 4728 726 4815 transponendum
749 4751 831 4814 esse,
852 4737 890 4795 ut
911 4732 1058 4817 legatur:
