3700 5625
720 726 808 796 Liber
840 726 944 795 XXX.
1323 730 1386 799 179

285 935 320 993 nt
340 944 438 1014 sapsa
459 928 585 993 ditem
607 930 648 1010 ,in
671 926 827 992 coiumbis
845 928 1009 993 masculae
1030 927 1242 993 efficaciorem
1265 935 1390 1015 putant‘

288 1047 533 1131 (sauguinem),
560 1047 607 1109 its
628 1046 688 1110 hoc
711 1047 781 1111 ioco
803 1044 890 1109 baud
914 1044 1010 1109 dubie
1033 1046 1172 1128 scripsit:
1218 1060 1326 1131 ordire,
1358 1059 1392 1113 ut

286 1170 427 1243 diximus,
449 1170 484 1228 in
506 1171 640 1243 capris
662 1166 874 1239 efficacius
893 1166 1002 1238 subde.

510 1399 514 1403 ἡ
587 1318 593 1339 “
707 1305 776 1378 136
803 1328 849 1367 =
876 1304 971 1389 o‚3o.
1412 1322 1472 1390 553

333 1431 533 1531 Millepeda
559 1487 570 1506 .
598 1489 607 1507 .
635 1490 643 1505 .
671 1432 807 1509 animai
846 1438 903 1508 est
930 1456 949 1507 e
979 1430 1163 1517 vermibus
1191 1437 1308 1508 terrae
1337 1434 1390 1532 pi-

334 1566 467 1655 losum,
493 1559 618 1639 multis
644 1564 803 1664 pedibus
836 1564 1011 1641 arcuatim
1045 1586 1180 1663 repens
1215 1571 1390 1662 tactuque

310 1698 561 1794 ¹contrahens
588 1720 651 1790 se3
680 1698 834 1773 oniscon
862 1696 994 1773 Graeci
1015 1704 1160 1787 vocant,
1188 1697 1248 1773 alii
1267 1698 1389 1797 tylon3

334 1831 524 1907 efficacem
549 1838 696 1906 narrant
734 1829 781 1905 ad
808 1831 949 1906 aurium
987 1828 1137 1906 dolores
1174 1830 1210 1905 in
1251 1832 1389 1908 cortice

333 1964 459 2066 punici
483 1962 568 2039 mali
596 1964 792 2040 decoctum
829 1968 866 2039 et
892 1964 992 2063 porri
1018 1970 1130 2057 suco;
1168 1938 1309 2042 addunt
1353 1973 1390 2041 et

332 2120 527 2177 rosaceum
555 2095 619 2173 rel.

366 2230 488 2296 Ultima
511 2250 532 2293 a
552 2228 748 2295 Dioscoridis
772 2228 985 2315 descriptione
1008 2230 1048 2293 11.
1066 2230 1105 2296 37
1121 2229 1272 2317 καὶπρὸς
1284 2226 1388 2296 oiwi·
1417 2280 1422 2291 ,

282 2357 361 2431 γίαν
383 2349 421 2413 δὲ
449 2350 534 2414 iside
555 2328 626 2413 'cdv
653 2345 775 2434 ῥοδίνῳ
811 2351 1060 2434 θερμανθέντες
1082 2343 1118 2413 ἐν
1148 2346 1279 2434 nsidera)
1308 2344 1389 2434 ῥόας

282 2438 341 2533 siai
374 2462 598 2545 ἕνσταγέντες,
620 2460 822 2549 ἁρμόζουσιν
859 2483 897 2527 eo
939 2464 1104 2547 differunt,
1147 2463 1231 2549 quod
1269 2465 1389 2529 Plinius

283 2584 371 2671 porri
394 2603 504 2646 sucum
535 2580 709 2669 addidisse
731 2581 861 2645 videtur.
906 2582 951 2644 At
984 2582 1107 2645 videtur
1141 2588 1280 2665 tantum3
1315 2603 1389 2645 nanr

283 2700 372 2789 quod
394 2701 427 2763 in
450 2695 613 2764 codicibus
635 2698 752 2783 iegitur
772 2704 830 2761 φησί
851 2703 940 2777 porri
959 2720 983 2765 s,
1006 2698 1156 2793 facillime
1186 2699 1231 2762 sic
1260 2699 1389 2784 corrigi·
1504 2703 1511 2711 '

283 2828 349 2884 tur:
373 2831 432 2881 oet
451 2825 540 2899 porri
555 2838 639 2897 suco,
661 2817 706 2880 ita
727 2815 762 2880 ut
774 2817 961 2880 alterutrum
978 2816 1018 2879 ad
1031 2815 1229 2901 coquendum
1244 2817 1389 2883 adhiberi

282 2936 460 3014 crediderit.
505 2933 596 3007 Quae
614 2934 709 2997 initio
731 2933 839 2997 retulit
872 2955 936 2998 uno
963 2926 1126 3000 vocabulo
1147 2935 1179 2996 in
1209 2937 1388 3021 proximum

282 3055 462 3118 litterarum
483 3048 594 3114 XXVI
621 3070 748 3115 versum
776 3051 884 3136 quiin
918 3051 1091 3136 archetypo
1120 3052 1313 3137 sequebatur
1339 3075 1388 3117 re-

284 3171 392 3256 posito
416 3188 487 3234 cum
509 3167 718 3237 Dioscuridis
731 3169 833 3234 verbis
852 3155 1106 3257 σφαιροῦμενοί
1120 3169 1204 3234 κατὰ
1225 3169 1284 3246 τὰς
1307 3166 1390 3236 ἐπα-

284 3289 353 3373 φὰς
375 3295 442 3352 τῶν
462 3293 582 3371 χειρῶν
605 3283 830 3351 emendantur:
857 3294 954 3352 inultis
972 3292 1100 3368 pedibus
1122 3307 1229 3366 repens
1250 3297 1392 3367 tactuque

283 3409 490 3470 consonans
510 3425 548 3468 sc
568 3409 768 3470 arcuatim.
866 3370 875 3394 ἱ
1123 3481 1131 3504 l

685 3528 751 3600 142
777 3546 819 3577 =
843 3522 993 3599 ibidem.
1412 3521 1473 3590 654
1528 3511 1530 3517 ’

333 3658 385 3731 At
413 3699 455 3710 -
483 3654 669 3732 Diodorus
701 3699 736 3711 ·-
768 3678 810 3731 se
836 3654 874 3730 id
901 3653 1052 3732 dedisse
1079 3659 1200 3735 tradit.

368 3781 504 3857 Pluralis
539 3809 688 3854 numerus
722 3793 798 3852 boec
830 3809 900 3851 cunr
934 3777 1161 3873 praecesserit,
1194 3795 1228 3856 id
1248 3791 1391 3880 ineptum
1428 3847 1430 3850 .

287 3931 361 3974 csse
390 3917 532 3996 apparet.
554 3915 666 3972 sedisse
688 3905 749 3987 R‘,
776 3911 890 3971 redisse
911 3906 1007 3989 VR¹,
1039 3907 1124 3971 unde
1150 3927 1182 3971 se
1209 3889 1327 3972 dedisse
1348 3927 1391 3971 so.
1480 3967 1485 3986 ἦ

286 4029 387 4110 ,baec‘
410 4026 523 4095 efficio.
1220 4019 1225 4023 ’

722 4178 843 4252 brono
866 4177 960 4252 XXX.
1061 4214 1064 4232 ·

538 4320 620 4391 2:
650 4317 717 4402 1,1.
751 4311 819 4404 (de
846 4310 927 4386 arte
951 4309 1131 4410 magica).
1398 4363 1475 4430 -655

334 4450 461 4535 Natam
489 4448 644 4548 primunr
670 4469 691 4521 e
717 4443 902 4522 medicina
926 4466 1035 4520 uerno
1064 4444 1218 4522 dubitat.

295 4607 298 4612 ·
334 4581 615 4649 custodieri.
639 4600 667 4642 e.
690 4583 887 4655 dubitem
910 4598 973 4662 quo
996 4584 1139 4662 tempore
1161 4576 1284 4641 Plinius
1307 4577 1393 4641 locu·

288 4702 404 4765 tionem
429 4700 557 4763 solitam
586 4717 689 4779 ,nemo
713 4695 848 4761 dubitet‘
869 4696 966 4760 otiam
989 4695 1080 4760 XXI.
1103 4696 1138 4778 7,
1172 4695 1226 4759 ubi
1248 4699 1395 4758 dubitauit

1178 4813 1244 4880 12*
