3700 5625
516 555 578 624 lut
828 577 830 584 ’
981 557 1082 624 Liber
1101 559 1145 629 Χ.

515 742 644 812 stravit.
686 740 818 828 Duplici
839 751 952 813 autem
973 743 1168 830 corruptela
1188 742 1331 815 laborat.
1374 746 1519 814 Primum
1536 749 1608 814 enim

514 883 582 928 non
605 861 711 928 altero
730 860 785 928 vel
802 863 899 928 tertio
921 862 974 929 die
994 874 1073 948 post
1090 876 1221 951 partum
1242 886 1349 952 equas
1370 868 1414 933 ad
1431 869 1541 935 initum
1558 871 1608 934 ad-

515 984 692 1051 mittendas
714 1004 804 1064 esse,
824 983 886 1048 sed
911 1005 978 1050 uno
1003 997 1096 1050 certe
1123 1005 1211 1053 anno
1239 987 1473 1072 praeterlapso
1496 999 1527 1053 et
1545 988 1608 1053 An'·

514 1103 656 1194 stoteles
679 1114 713 1169 et
734 1103 877 1169 Romani
904 1104 1090 1190 scriptores
1114 1118 1325 1181 monuerunt.
1354 1099 1434 1174 ὅταν
1457 1103 1491 1174 δὲ
1512 1107 1609 1194 ιε’κῃὴ

514 1219 614 1308 ίτιπος,
636 1221 700 1292 mix
711 1221 812 1300 εὐθὺς
828 1221 908 1310 μετὰ
930 1223 1022 1291 τοῦτο
1040 1222 1215 1314 πίμπλαται
1232 1221 1318 1292 att&
1331 1224 1480 1294 διαλείπει
1495 1225 1609 1312 χρόνον,

513 1337 572 1410 καί
584 1339 678 1409 τίκτει
698 1339 818 1429 ἀμείνω
841 1343 975 1430 τετάρτῳ
996 1336 1016 1428 ἢ
1039 1345 1165 1432 πέμπτῳ
1189 1339 1246 1412 ’ίτει
1268 1344 1351 1436 μετὰ
1370 1343 1427 1412 τὸν
1440 1345 1544 1414 τόκον.
1563 1340 1610 1412 iva

514 1459 540 1526 δ’
564 1455 711 1526 ἓνιαντὸν
739 1457 795 1528 καί
818 1460 954 1548 πάμπαν
974 1460 1108 1549 ἀνάγκη
1130 1461 1298 1530 διαλείπειν
1322 1459 1381 1531 καί
1401 1470 1501 1530 ποιεῖν
1521 1459 1609 1550 ticam

513 1580 607 1650 νειάν.
650 1583 698 1646 lta
721 1581 866 1667 loquitur
887 1583 1091 1649 Aristoteles
1110 1582 1193 1653 Hist.
1216 1585 1314 1650 anim.
1328 1581 1448 1648 Vtra.
1475 1583 1609 1658 Quocum

515 1702 727 1767 consentiunt
740 1701 852 1768 Varro
864 1701 905 1770 R.
918 1701 957 1768 R.
968 1704 1008 1768 ll.
1021 1703 1050 1769 7.
1073 1702 1246 1782 „Alternis
1268 1705 1323 1791 qui
1345 1703 1530 1782 admittunt,
1551 1703 1609 1765 diu·

514 1821 680 1886 turniores
704 1841 809 1906 equos
832 1831 865 1886 et
893 1820 1051 1887 meliores
1073 1819 1181 1907 pullos
1202 1822 1274 1888 fieri
1297 1823 1422 1910 dicunt,
1456 1825 1561 1910 itaque
1581 1833 1609 1885 ut

511 1937 680 2006 restibiles
703 1950 838 2024 segetes
868 1950 985 2006 essent
1013 1941 1223 2021 exactiores,
1252 1941 1301 2006 sic
1330 1943 1510 2035 quotannis
1538 1960 1608 2027 quae

512 2068 737 2144 praegnantes
750 2055 906 2121 fuerint.“
922 2055 1107 2123 Columella
1116 2057 1225 2126 Vtut.
1239 2057 1403 2145 „Vulgari
1413 2059 1556 2125 feminae
1569 2080 1610 2123 so-

511 2176 620 2245 lemne
642 2188 695 2243 est
718 2175 870 2241 omnibus
892 2174 989 2241 annis
1012 2195 1154 2264 parere2
1173 2196 1375 2261 generosam
1397 2179 1552 2243 convenit
1573 2177 1609 2241 al·
1645 2200 1646 2261 j

513 2295 616 2361 ternis
629 2295 814 2373 continere,
834 2314 899 2379 quo
922 2281 1047 2359 firmior
1067 2291 1175 2378 pullus
1188 2291 1276 2360 lacte
1291 2307 1444 2362 materno
1455 2295 1609 2362 laboribus
1645 2306 1646 2319 ¹

513 2411 727 2477 certaminum
751 2416 1007 2496 praeparetur‘t
1055 2407 1225 2478 Palladius
1244 2411 1304 2482 lV.
1323 2412 1373 2482 13.
1396 2460 1418 2496 „
1428 2414 1609 2482 Generosos
1645 2470 1646 2507 μ

515 2551 639 2618 equas,
662 2542 695 2597 et
716 2549 802 2630 quae
825 2529 994 2597 masculos
1016 2532 1179 2611 nutriunt,
1209 2532 1347 2599 alternis
1369 2535 1469 2599 annis
1490 2533 1609 2600 submit·
1645 2556 1646 2623 t

514 2662 587 2718 tere
608 2649 830 2717 debebimus“
847 2641 940 2719 ‘ret'
967 2647 1045 2715 uon
1067 2647 1134 2715 hcc
1155 2649 1255 2734 tgna
1277 2649 1358 2716 nco
1378 2649 1524 2732 rrimus,
1551 2651 1609 2716 aa
1645 2632 1646 2659 ³

513 2794 579 2841 non
602 2782 759 2860 possent
780 2771 916 2858 saepius
936 2788 1042 2859 equae
1057 2770 1302 2852 submittantur,
1324 2770 1386 2838 sed
1407 2772 1532 2839 utiliter
1551 2767 1609 2835 lieri

513 2914 588 2959 cum
609 2893 768 2958 Varrone
790 2910 888 2977 quern
913 2890 1001 2955 inter
1020 2900 1181 2955 auctores
1209 2888 1284 2955 libn'
1303 2888 1345 2959 Χ.
1365 2891 1554 2957 enumerari
1572 2888 1609 2954 le·

511 3013 638 3099 gimus‚
666 3018 778 3095 negat.
834 3006 944 3073 Recte
971 3007 1070 3093 igitur
1097 3004 1284 3073 Frobenius
1314 3028 1458 3094 eumque
1485 3021 1608 3075 secutus

511 3129 748 3215 Dulecampius
777 3148 852 3193 cum
879 3125 1032 3191 omnibus
1056 3124 1249 3191 auctoribus
1278 3123 1415 3191 Plinium
1442 3128 1608 3195 conciliare

509 3250 651 3324 studuit3
673 3247 761 3333 quod
785 3255 894 3310 autem
917 3263 1037 3308 vocem
1056 3242 1143 3305 diem
1163 3242 1195 3305 in
1218 3264 1345 3306 uanum
1366 3249 1516 3326 mutavit,
1539 3245 1608 3312 lecit

508 3369 541 3431 id
561 3359 692 3452 quidem
713 3364 866 3431 licentius
885 3379 983 3446 quam
1003 3359 1155 3425 decebat.
1199 3353 1339 3425 Scilicet
1357 3359 1444 3427 idem
1466 3365 1607 3448 dittogra-

506 3486 608 3574 phiae
635 3485 749 3551 vitium
777 3504 842 3569 quo
868 3500 953 3566 prae
982 3479 1117 3565 reliquis
1140 3499 1226 3563 opus
1248 3490 1397 3545 nostrum
1419 3482 1607 3571 inquinatur,

508 3605 563 3672 hic
585 3625 717 3693 quoque
740 3597 922 3668 adinissum
946 3610 1008 3665 est.
1050 3600 1087 3663 ln
1109 3599 1283 3687 archetypi
1309 3603 1395 3667 enim
1414 3597 1511 3670 sonte
1532 3603 1607 3668 haec

506 3729 634 3814 scripta
652 3724 757 3791 fuisse
781 3723 925 3787 arbitror
945 3739 1031 3787 voce
1053 3740 1180 3783 ιιιιιιιιιιι
1201 3720 1233 3785 in
1255 3742 1359 3784 unum
1380 3733 1557 3809 corrupta:

772 3862 869 3918 noras
892 3826 954 3905 nm
976 3860 1053 3904 ινιτ
1076 3825 1137 3903 air
1160 3861 1237 3904 ινιτ
1259 3826 1349 3904 vnvm

590 3964 686 4039 Quae
710 3980 808 4046 quum
830 3958 1010 4024 emendare
1033 3966 1214 4022 conaretur
1235 3956 1410 4043 archetypi
1429 3960 1560 4037 scriba,
1578 3956 1605 4020 in

507 4084 700 4160 enerravit,
723 4078 887 4166 quodnon
901 4072 1043 4140 delenda
1056 4074 1221 4158 quaedam
1244 4094 1322 4139 esse
1344 4076 1408 4140 sed
1429 4073 1604 4161 supplenda

506 4202 686 4267 arbitratus
709 4171 787 4279 est,
814 4204 848 4259 ct
869 4191 1017 4256 ultimum
1039 4188 1236 4255 vocabulum
1259 4211 1322 4276 pro
1344 4194 1478 4259 sincero
1500 4192 1604 4260 habuit

506 4337 547 4384 ac
563 4316 693 4381 tertium
702 4312 787 4376 diem
805 4332 846 4377 ex
859 4309 991 4395 ingenio
1003 4306 1139 4391 addidit,
1152 4308 1241 4373 urrde
1258 4321 1450 4393 portentum
1461 4310 1603 4377 lectionis

547 4454 647 4531 equus
667 4441 777 4495 uatem
795 4439 867 4519 post
888 4429 1021 4495 tertium
1043 4428 1175 4493 tertium
1196 4426 1283 4493 diem
1303 4438 1364 4493 aut
1379 4440 1454 4516 pust
1474 4454 1573 4495 ιιιιιιιιι

505 4555 658 4637 effectum
679 4559 742 4615 est.
