3700 5625
719 615 821 682 cna
841 615 907 682 Vr.
1325 619 1370 684 93

249 803 432 870 scandente
468 804 605 890 egregie
636 802 879 870 animadvertit.
944 801 1003 869 Sic
1032 801 1071 868 ΙΙ.
1099 801 1171 870 213.
1205 803 1370 869 scandant

249 944 310 1009 pro
340 923 470 988 cadant
499 921 551 988 R¹
578 921 722 990 exhibet.
784 925 894 998 Quom
921 941 1004 988 vero
1036 921 1106 988 lroc
1140 923 1241 989 modo
1268 923 1369 989 scribi

250 1041 369 1110 vellet:
400 1039 555 1106 nactum
575 1038 703 1106 ladam
725 1039 899 1106 aduersam
919 1038 1131 1126 scandentes,
1160 1041 1206 1106 ita
1228 1052 1369 1108 atroce

250 1160 597 1244 ‚‚demonstrationc“
636 1157 795 1246 poputum
831 1158 996 1245 quendam
1029 1159 1176 1246 ignotum
1207 1160 1369 1226 contineri

251 1284 492 1358 arbitraretur,
528 1297 611 1344 vera
645 1277 743 1344 falsis
777 1277 916 1342 miscuit.
978 1275 1120 1343 Tantum
1153 1277 1238 1342 enim
1272 1279 1369 1344 abest

250 1415 284 1468 ut
305 1423 370 1487 pro
394 1408 557 1483 corrupta
582 1397 729 1462 ultimam
757 1412 875 1462 vocem
903 1395 1094 1463 habendam
1123 1418 1201 1464 esse
1229 1417 1368 1463 censea-

252 1541 342 1599 mus,
370 1529 410 1584 nt
437 1516 517 1581 hnic
545 1515 640 1602 quasi
669 1515 884 1581 laudamento
912 1515 946 1578 in
970 1515 1177 1582 emendando
1212 1517 1369 1583 insistere

254 1648 422 1725 oporteat.
459 1633 575 1701 Verbo
589 1637 676 1702 enim
694 1635 976 1714 ,‚dcmonstrare“
995 1635 1030 1699 in
1053 1633 1118 1699 situ
1138 1635 1288 1701 locorum
1313 1655 1369 1700 ex·

254 1757 415 1843 ponendo
437 1751 529 1818 velut
549 1752 687 1838 proprio
709 1754 812 1818 utitur
832 1751 967 1818 Plinius.
1012 1752 1129 1818 ltalV.
1142 1751 1192 1818 13.
1206 1754 1370 1819 habemus

255 1879 518 1942 demonstratum
540 1873 606 1935 ium
625 1869 829 1951 illaiamne
851 1883 967 1936 nostro
989 1868 1073 1936 libro
1096 1872 1183 1959 §.ot
1206 1872 1370 1940 invenitus

257 2006 391 2060 terrena
405 1991 648 2057 demonstratio.
681 1990 834 2066 Quanam
854 1989 955 2077 igitur
975 2011 1064 2055 nunc
1085 1991 1371 2057 demonstratione
1439 2073 1459 2094 l

257 2125 367 2180 ntatnr
390 2110 537 2187 Plinius,
565 2128 609 2175 cx
629 2109 670 2174 iis
691 2128 777 2194 qaae
798 2109 897 2172 modo
920 2109 1010 2173 dicta
1032 2119 1110 2174 sunt
1130 2109 1244 2197 liquet.
1287 2109 1371 2175 Pcr-

257 2242 396 2300 rcnerat
419 2248 526 2316 usquc
543 2228 587 2292 ad
600 2227 758 2292 Olostrns
779 2227 834 2312 qni
859 2225 1007 2292 Patalam
1028 2226 1168 2292 insulam
1190 2228 1272 2292 mari
1293 2227 1371 2295 vici-

259 2377 334 2420 nam
363 2349 583 2435 attingebant.
643 2345 710 2410 lam
737 2345 835 2430 igitur
865 2366 886 2409 a
913 2348 1127 2434 mariusque
1155 2350 1197 2413 ad
1225 2343 1370 2416 Caucasi

260 2475 391 2538 radices
420 2466 475 2555 (ς.
488 2465 551 2550 78)
580 2465 637 2553 qui
665 2464 771 2550 potuit
801 2467 976 2549 pervenire
1013 2467 1275 2533 demonstrando
1308 2470 1371 2534 nisi

261 2607 295 2658 ut
316 2591 497 2658 adversum
519 2603 649 2649 amnem
666 2581 816 2669 legeret?
844 2585 939 2651 llaec
963 2598 1015 2652 est
1036 2609 1136 2673 quam
1153 2588 1369 2653 scandentem

262 2704 578 2774 demonstrationem
600 2698 712 2787 ¹vocat,
734 2703 822 2768 sicut
844 2715 919 2768 moa¹
935 2705 1026 2792 ΜΒ.
1049 2729 1087 2772 sc
1109 2707 1278 2772 cumlndo
1300 2730 1369 2773 rur-

263 2850 321 2896 sus
349 2827 534 2892 decurrere
562 2823 670 2888 tradit.
723 2822 793 2888 lam
817 2836 1021 2909 ver·orectc
1044 2827 1174 2913 quidem
1201 2825 1372 2895 diceretur

264 2950 464 3029 „adversum
489 2942 672 3008 scandente
696 2926 1031 3014 demonstrationem·
1068 2945 1154 3011 Nam
1177 2960 1210 3014 ct
1232 2948 1372 3013 verbnm

264 3068 430 3133 scandere
451 3063 484 3127 in
507 3083 545 3127 re
567 3061 661 3127 simili
682 3082 789 3149 aeque
811 3064 1053 3129 intransitivum
1076 3066 1256 3131 admittitur
1277 3069 1307 3156 §.
1320 3066 1371 3145 tt,

265 3190 318 3253 ubi
339 3182 726 3295 Cappadocia·,‚magno
752 3182 875 3266 impetn
895 3184 939 3247 ad
959 3184 1060 3250 Tauri
1083 3184 1160 3269 iuga
1182 3185 1372 3249 scandere“

267 3306 413 3382 traditur,
435 3313 469 3367 et
490 3301 729 3381 „adversnm“
752 3323 813 3384 pro
832 3302 889 3386 „in
906 3304 1111 3369 adversum“
1128 3302 1178 3367 ire
1196 3300 1373 3369 adhibetur

271 3423 414 3489 vniat.
464 3421 592 3486 Verum
618 3419 724 3485 satius
753 3418 815 3484 erit
838 3419 1024 3487 litterarum
1051 3445 1137 3509 quae
1164 3424 1197 3490 in
1220 3426 1372 3493 omnibus

268 3542 355 3611 libris
373 3542 457 3608 Mss.
474 3540 684 3626 reperiuntur
707 3537 829 3605 nullam
848 3538 1028 3625 negligere.
1059 3542 1246 3611 Remanent
1263 3557 1373 3612 autem
1401 3568 1404 3572 ’

267 3662 327 3729 hac
354 3686 408 3741 eo,
438 3679 524 3747 quas
551 3678 626 3723 cum
654 3656 793 3744 reliquis
821 3657 878 3722 tali
903 3658 977 3727 fere
1004 3662 1103 3727 modo
1129 3664 1163 3728 in
1186 3664 1373 3751 archetypo

268 3782 409 3867 scriptas
422 3777 529 3842 fuisse
543 3775 701 3842 coniiciot
721 3765 914 3843 cavanaici
926 3766 1091 3847 sciaenae.
1118 3781 1248 3855 Quodsi
1264 3796 1373 3849 autem

270 3901 372 3965 animo
394 3898 618 3981 reputaveris,
640 3906 765 3982 quanta
786 3897 829 3961 sit
846 3900 1112 3967 terminationum
1134 3901 1167 3965 in
1189 3922 1246 3964 tam
1266 3903 1374 3968 varie·

271 4028 328 4105 tas,
351 4030 385 4084 et
403 4034 621 4103 quamsaepe
641 4035 716 4080 cnm
737 4036 789 4077 om
810 4027 1051 4099 permutentur,
1066 4019 1173 4105 primo
1188 4020 1315 4101 obtutu,
1338 4029 1375 4085 ut

271 4156 379 4221 spero,
400 4130 567 4217 intelliges
591 4131 697 4201 latere
720 4134 948 4199 accusativum
970 4138 1186 4222 pronominis,
1210 4143 1374 4209 undeiam

273 4267 359 4321 ccrto
389 4252 557 4337 colligitur
582 4252 629 4316 ita
657 4249 795 4319 Plinium
821 4254 1022 4338 scripsisset
1056 4258 1208 4325 accolunt
1234 4262 1374 4343 ladam,

275 4372 488 4438 aduersum
509 4392 593 4434 enm
614 4370 844 4436 scandente
865 4373 1141 4441 demonstratione
1169 4380 1228 4445 rel.

350 4490 483 4555 Adiecit
496 4498 607 4555 autem
621 4510 805 4575 pronomen
822 4491 908 4558 alias
923 4513 988 4557 non
1004 4498 1246 4579 necessarium,
1261 4521 1304 4566 nc
1318 4521 1374 4565 vo·

277 4607 1375 4703 ces„lndum“et„adversum“maleelegentibusconiungerentur.
