3700 5625
480 585 541 654 182
927 583 1028 648 Liber
1050 583 1150 647 XIV.

564 769 823 839 Grammaticum
847 769 979 855 quidem
1010 769 1109 834 decet
1137 781 1297 834 accurate
1327 779 1506 830 mensuras
1530 781 1581 827 ex·
1648 762 1649 771 ’

481 889 624 976 plicare,
653 889 791 956 Plinium
813 890 903 955 inre
926 889 1119 973 quotidiano
1137 889 1227 953 vitas
1249 885 1508 969 commerciiqne
1527 899 1583 945 usn

481 1009 655 1076 notissima
676 1031 743 1075 non
768 1011 888 1075 decuit.
938 1011 1054 1085 Quare
1075 1010 1180 1074 verba
1203 1008 1300 1072 uncis
1320 1005 1455 1070 inclusa
1477 1005 1519 1068 ab
1539 1021 1586 1066 en

483 1129 558 1196 dem
579 1127 711 1195 homine
732 1151 800 1195 non
817 1132 953 1195 indocto
975 1131 1149 1214 adscripta
1167 1147 1245 1194 esse
1262 1127 1430 1202 existimo,
1452 1137 1546 1208 quem
1556 1121 1587 1185 ll.

481 1246 535 1312 85.
557 1267 717 1333 passuum
740 1251 903 1315 rationem
926 1249 1068 1333 pedibus
1090 1247 1252 1312 Romanis
1273 1243 1493 1328 expressisse
1514 1239 1588 1303 vidi·

483 1387 558 1433 mus
571 1388 604 1450 p.
622 1364 672 1435 13.
697 1365 759 1432 Cui
779 1387 820 1432 ea
835 1388 968 1452 qnoque
982 1367 1157 1432 tribuenda
1172 1366 1327 1429 videntur
1342 1381 1430 1448 quae
1443 1361 1589 1426 Senecae

484 1483 653 1550 accidisse
677 1495 865 1552 narrantur.
920 1486 1028 1560 Quum
1050 1486 1137 1550 enim
1167 1483 1292 1547 Plinius
1312 1482 1354 1545 de
1376 1481 1521 1543 Annaeo
1540 1474 1590 1540 Se·

485 1623 581 1682 iteca,
603 1603 749 1688 principe
772 1611 839 1664 tum
860 1602 1056 1664 cruditionis
1077 1624 1117 1664 ac
1131 1601 1314 1686 potentiae,
1333 1599 1468 1662 locutus
1495 1606 1590 1669 esset,

486 1717 541 1785 ille
564 1717 698 1785 infausti
721 1721 783 1785 viri
805 1718 1012 1784 celeberrimi
1033 1722 1141 1784 exitus
1165 1739 1290 1782 memor
1310 1715 1497 1798 adscripsit
1518 1733 1592 1803 quae

484 1843 643 1924 postremo
674 1837 776 1900 nimia
812 1834 878 1923 fuit
911 1857 1011 1923 super
1041 1838 1165 1924 ipsum,
1199 1837 1313 1902 verbis
1347 1832 1484 1920 quidem
1519 1849 1591 1894 usus

486 1955 645 2040 gravibus
675 1956 836 2038 siveris,
864 1956 925 2019 sed
950 1956 1002 2020 via
1025 1955 1154 2020 Latinis
1180 1967 1278 2040 atque
1301 1953 1368 2017 lroc
1392 1952 1475 2016 loco
1502 1947 1592 2013 valde

367 2077 373 2091 '
486 2073 617 2159 ineptis.
642 2073 771 2148 Quodsi
791 2074 970 2158 quidquam
992 2074 1037 2137 ad
1058 2074 1259 2138 narrationis
1276 2081 1510 2157 argumentum
1525 2085 1593 2129 con·

475 2189 627 2271 ferrent,
649 2190 820 2256 Gronovio
842 2193 1040 2258 accederem
1063 2195 1118 2279 qui
1136 2194 1371 2279 corrigendum
1394 2211 1477 2256 esse
1490 2185 1594 2252 statuit

487 2309 573 2374 ruite
595 2329 685 2374 nunc
700 2309 880 2374 al'intiano
894 2322 1034 2376 eatenus
1047 2322 1172 2378 tantum
1184 2314 1324 2377 discedo
1345 2313 1436 2398 quod
1461 2331 1503 2374 ea
1522 2323 1594 2391 qno·

489 2447 660 2513 quequae
685 2428 910 2512 praecedunt,
933 2429 1019 2494 male
1044 2431 1186 2496 eiecisse
1208 2432 1347 2496 videtur.
1406 2504 1411 2512 q

409 2629 473 2695 rat
963 2619 1119 2694 Ibidem.
1170 2700 1171 2703 Ἴ

540 2753 606 2831 Αο
634 2752 766 2853 nequis
792 2753 924 2829 victam
950 2753 989 2829 in
1009 2755 1081 2831 hoc
1106 2754 1357 2855 antiquitatem
1379 2753 1593 2829 arbitrare-

542 2901 615 2984 tur,
637 2890 737 2967 idem
761 2892 853 2967 Catu
881 2892 997 2968 denes
1023 2894 1151 2969 culeus
1177 2893 1303 2968 redire
1335 2914 1384 2969 ex
1411 2887 1596 2991 iugeribus

540 3025 695 3127 scripsit
714 3034 776 3100 rel.

574 3162 718 3227 Primum
741 3182 759 3227 e
784 3161 900 3229 cod'l
921 3161 1150 3245 reponendum
1172 3161 1311 3233 videtur¹
1325 3160 1391 3237 At,
1413 3158 1537 3223 deinde
1555 3153 1595 3217 le·

489 3280 634 3367 gendum
656 3276 867 3347 arbitretur.
894 3282 990 3345 Novo
1013 3280 1099 3345 enim
1122 3279 1277 3365 exemplo
1298 3278 1482 3367 fertilitatis
1503 3273 1596 3340 allato

491 3418 532 3465 eo
554 3411 666 3465 tamen
689 3400 916 3484 antiquitatem
939 3416 1005 3462 non
1026 3399 1115 3463 vinci
1136 3407 1248 3461 monet
1273 3408 1307 3461 ct
1328 3394 1467 3461 Catonis
1493 3389 1596 3457 verbis

491 3518 699 3583 demonstrat
726 3515 802 3579 ideo
830 3512 1027 3598 adscriptis,
1054 3533 1099 3581 ne
1119 3515 1194 3600 quis
1215 3515 1394 3579 arbitretur
1415 3514 1475 3578 rel.
1521 3508 1595 3574 Catu

491 3644 602 3699 autem
633 3650 733 3717 quum
762 3630 929 3697 scriberet
964 3631 1073 3695 dere
1106 3640 1227 3715 postea
1259 3641 1420 3696 eventura
1454 3613 1597 3713 migitet·

490 3764 559 3822 nan
580 3752 699 3840 putuit.

411 3924 475 3993 235
725 3917 726 3923 ’
947 3886 1097 3981 5534,
1112 3884 1148 3960 6.

542 4028 587 4102 In
613 4022 767 4125 reliquis
803 4020 949 4097 claritas
982 4021 1110 4121 generi
1143 4046 1214 4095 non
1247 4019 1317 4095 fuit
1348 4016 1478 4112 alicui3
1512 4033 1595 4090 anno

541 4160 612 4235 tuit
647 4146 807 4234 omnium
838 4180 1016 4256 generum
1048 4154 1233 4230 bonitas
1261 4157 1308 4231 L.
1337 4151 1487 4254 Opimio
1522 4169 1596 4226 con·

545 4295 625 4369 sule
647 4302 709 4367 rel.

578 4442 628 4509 lta
648 4452 742 4515 recte
765 4464 839 4508 cum
863 4442 1034 4508 veteribus
1058 4438 1220 4529 exemplis
1243 4453 1276 4506 et
1295 4440 1443 4524 Silligius
1466 4453 1500 4507 et
1524 4438 1594 4505 llar-

493 4564 613 4629 duinur
635 4561 869 4645 distinxerunt,
889 4580 987 4647 quem
1009 4573 1086 4625 ante
1109 4580 1229 4626 vocem
1252 4558 1354 4625 alicui
1371 4572 1529 4647 punctum
1547 4573 1596 4642 ptr

499 4684 612 4751 suisne
635 4680 725 4747 falso
749 4680 853 4746 refert
875 4674 1039 4766 Silligius'
1076 4680 1176 4756 Quod
1200 4691 1310 4746 autem
1332 4680 1419 4747 idem
1442 4677 1596 4762 vulgatam
