3700 5625
710 567 811 634 liber
830 569 941 638 XIII.
1322 569 1384 636 173

353 766 482 841 possent
503 753 550 833 R,
569 761 734 842 posennus
759 759 896 846 uulgata
925 757 1218 842 scriptumhaber
1241 778 1261 820 e
1285 757 1382 824 codd.

197 861 198 868 ἵ
276 871 355 950 Gel,
376 893 395 936 a
415 885 450 938 et
470 874 500 940 cl.
534 875 629 942 Unde
653 876 889 962 corrigendum
911 875 1042 942 videtur
1060 895 1224 962 possem.
1266 874 1382 962 inepte

274 992 354 1054 euim
374 1002 529 1076 optaret,
559 1002 595 1058 ut
617 994 713 1080 ipsae
738 993 872 1082 aquilae
894 993 986 1080 loqui
1011 1004 1161 1084 possent.
1205 993 1255 1057 lta
1275 996 1308 1082 §.
1323 992 1379 1064 at.

273 1109 422 1194 legimus:
447 1131 540 1191 „non
562 1107 662 1178 facile
683 1111 862 1177 dixerim“.

721 1316 872 1411 28=d,
888 1318 924 1392 7.
1023 1320 1028 1328 ’
1227 1349 1231 1357 ’
1396 1335 1456 1400 iil

321 1487 472 1564 Genera
495 1511 620 1561 earum
644 1487 769 1587 plura,
799 1497 837 1561 et
866 1486 986 1587 prima
1012 1482 1185 1562 fruticem
1211 1511 1283 1562 non
1312 1513 1377 1564 ex-

317 1617 506 1719 cedentia,
533 1624 698 1699 sterilem
724 1625 841 1719 hunc,
876 1624 989 1700 aliubi
1012 1636 1050 1700 et
1070 1624 1191 1724 ipsum
1215 1625 1376 1704 fertilem

315 1759 506 1858 brevique
527 1784 713 1836 ramorum
728 1762 827 1837 orbe
853 1760 1046 1836 foliosum.
1075 1761 1245 1838 'fertorii
1256 1761 1376 1866 vicem

314 1895 371 1972 hic
402 1895 609 1996 parietibus
632 1897 821 2000 plerisque
838 1897 881 1978 ,iu
915 1897 1016 1973 locis
1039 1906 1218 1998 praestat
1248 1911 1376 1979 cantra

244 2040 248 2046 '
313 2030 541 2133 aspergines.

341 2200 582 2286 interpolatam
602 2199 781 2266 lectionem
796 2199 978 2287 vulgatam,
999 2212 1086 2287 qnae
1098 2221 1117 2265 e
1129 2200 1260 2266 Gelenii
1274 2201 1373 2267 codd.

266 2318 398 2402 primum
418 2332 560 2408 recepta
580 2333 644 2400 est,
667 2333 761 2388 reete
783 2322 908 2388 iudicat
922 2321 1082 2406 siligine,
1104 2343 1203 2408 qnam
1224 2322 1372 2389 vocabu·

265 2435 323 2502 lom
343 2437 397 2502 lu'c
424 2459 585 2526 quorsum
611 2437 793 2518 referatur,
824 2460 892 2506 non
923 2439 1139 2528 intelligatur,
1162 2441 1224 2506 sed
1246 2450 1372 2506 certam

265 2559 523 2624 emendationem
544 2579 583 2625 se
605 2559 750 2624 nondam
773 2559 945 2644 reperisse
966 2558 1101 2624 addidit.
1145 2558 1307 2626 Fortasse
1323 2558 1371 2624 lo·

265 2693 319 2739 eos
339 2675 406 2740 lroc
436 2675 511 2740 fera
540 2678 638 2741 mado
661 2675 785 2760 corrigi
815 2675 948 2760 poterit.
1001 2676 1043 2740 Et
1063 2675 1217 2742 codicum
1238 2679 1370 2764 quidem

263 2796 424 2880 scriptura
437 2795 567 2862 haecce
579 2805 648 2862 est:
670 2791 908 2890 ereuemque
928 2797 1016 2860 romi
1035 2795 1143 2861 ordonn
1162 2795 1326 2886 foliosum,
1348 2801 1371 2866 d

264 2912 430 3008 brevesque
452 2936 620 2977 rumorum
642 2911 718 2976 orbe
736 2908 897 3001 foliosum.
929 2914 1058 2979 f'eetoro'
1070 2918 1141 2981 uice
1160 2917 1235 2997 rel,
1258 2939 1279 2985 a
1301 2917 1370 2985 bre·

262 3053 370 3125 vesque
391 3034 480 3095 roasi
499 3028 598 3119 olores.
620 3030 769 3111 oliorum,
787 3056 804 3097 r
825 3032 937 3097 breues
957 3038 1059 3101 rumas
1080 3036 1168 3101 obire
1182 3037 1298 3101 umbro
1318 3036 1371 3126 [o-

263 3147 377 3213 liorum.
429 3151 559 3225 Quodsi
579 3152 743 3217 vocabula
763 3140 903 3216 aiceln'c
925 3154 1147 3239 dittograploia
1163 3155 1277 3219 uitiata
1290 3176 1370 3223 esse

263 3266 448 3347 adoniseris,
474 3267 600 3353 reliqna
623 3273 747 3355 optimo
777 3290 881 3335 sensa
904 3282 936 3334 et
960 3273 1085 3356 perlevi
1106 3285 1164 3339 aut
1184 3275 1274 3340 nulla
1296 3297 1368 3343 mu-

265 3386 376 3451 tatione
398 3385 489 3450 sacta
511 3388 556 3451 ita
575 3386 720 3473 legenda
743 3400 857 3455 erunt:
1190 3370 1194 3383 ¹

298 3576 335 3589 -
348 3534 502 3623 fertilem,
526 3536 741 3633 brevemque
761 3542 864 3607 rami
882 3539 1009 3606 orbem
1029 3539 1221 3628 foliorum
1242 3548 1371 3620 melarii

297 3658 394 3723 uicem
412 3654 593 3743 portentur
613 3655 776 3751 plerisque
796 3658 832 3721 in
853 3657 932 3723 loeis
948 3669 1137 3746 praestant
1158 3684 1186 3729 c.
1208 3686 1239 3729 o.

708 3854 909 3951 47=o,a.

302 4026 343 4100 ln
363 4025 447 4126 ipsa
468 4024 668 4125 Aethiopia
691 4026 842 4122 friatur,
870 4028 964 4103 haec
991 4038 1090 4103 tanta
1117 4040 1175 4105 est
1201 4032 1362 4129 siccitas,

1381 3917 1444 3984 222

302 4173 337 4236 et
361 4162 503 4237 farinae
528 4164 638 4239 modo
667 4164 849 4264 spissatur
876 4165 915 4241 in
938 4190 1069 4265 panem
1098 4167 1285 4272 (orosto).

333 4328 459 4393 Vocem
483 4328 563 4394 loocc
587 4330 719 4397 ecodd.
737 4332 863 4397 addidit
884 4331 1032 4419 Silligius
1055 4355 1170 4401 verum
1192 4338 1362 4424 interpun-

259 4445 357 4511 ctione
378 4469 446 4512 uon
470 4459 605 4517 mutata.
648 4446 864 4515 Manifestum
887 4460 940 4515 est
959 4464 1069 4517 autem
1090 4452 1361 4544 distinguendam

258 4579 339 4627 esse:
359 4558 490 4649 [riotrtr
507 4563 589 4629 doec
613 4564 728 4653 (tanto
747 4574 796 4631 est
816 4566 976 4650 siccitas),
1003 4577 1036 4634 et
1056 4569 1119 4643 rel.
