3700 5625
717 591 816 658 briter
838 591 897 656 ΧΙ
897 593 937 661 V.
1327 593 1386 662 181

283 775 369 842 disse
382 775 502 854 tradat,
527 774 613 842 inter
627 795 735 843 anuos
747 773 1198 846 acconencocxvm.
1216 777 1322 845 libros
1344 779 1386 847 dc

281 911 315 956 re
335 892 458 960 rustica
478 892 589 961 editos
607 915 686 962 esse
709 895 936 981 consequitur.
967 893 1124 963 Ceterum
1138 894 1384 981 distinguantur

205 1039 207 1106 3
279 1021 405 1094 oportet
427 1011 539 1079 vineta
556 1010 765 1078 Palaemonis
789 1012 832 1077 ad
851 1013 1014 1079 decimum
1033 1013 1179 1100 lapidem
1199 1014 1265 1080 sita
1283 1015 1382 1080 aNc·

279 1139 425 1194 mantano
447 1130 615 1210 Senecae,
640 1131 681 1196 de
702 1151 767 1216 quo
789 1131 862 1215 ipse
878 1129 943 1216 Ep.
958 1131 1029 1197 lod.
1050 1129 1204 1218 loquitur,
1225 1132 1316 1218 quod
1337 1133 1382 1197 ad

205 1321 206 1342 ζ
279 1261 421 1332 quartum
443 1249 590 1335 lapidem
611 1271 633 1316 a
654 1249 770 1316 l'ucitc
791 1248 878 1319 Anu.
892 1249 966 1317 XV.
976 1249 1032 1319 tii).
1054 1248 1248 1317 collocatur.
1281 1250 1381 1325 Quod

205 1359 207 1426 ss
279 1366 361 1452 §.til
380 1366 518 1436 aPlinio
534 1369 788 1436 commemorari
809 1355 976 1441 arbitror(
998 1370 1172 1456 Leguutur
1192 1369 1238 1435 ibi
1259 1367 1378 1456 vulgo:

690 1521 956 1599 51=ibidem
1394 1557 1457 1624 232

205 1651 207 1746 f
320 1668 415 1732 tanto
443 1659 588 1759 praedii
612 1657 693 1734 eius
719 1682 844 1733 amore
866 1667 975 1758 capto
1008 1657 1204 1761 (Seneca)
1234 1670 1275 1734 ut
1304 1684 1379 1736 non

206 1767 207 1774 ἵ
319 1796 476 1894 puderet
503 1794 622 1874 inviso
655 1795 744 1870 alias
769 1795 1047 1897 (Palaemoni)
1082 1805 1121 1875 et
1146 1806 1377 1879 ostentatura

318 1930 465 2006 tradere
489 1933 647 2034 palmum
672 1957 784 2027 eam,
813 1931 947 2032 emptis
965 1932 1245 2033 quadruplicato
1260 1935 1377 2016 nucis

317 2067 387 2145 illis
413 2076 479 2142 rel.

346 2204 392 2270 lbi
413 2205 513 2271 codd.
535 2204 578 2284 Τ,
601 2205 753 2271 Murbac.
776 2218 809 2271 et
831 2205 961 2271 Budaei
983 2206 1034 2273 De
1055 2226 1123 2272 ass.
1147 2229 1178 2293 p.
1195 2203 1268 2272 614.
1290 2203 1386 2273 acri-⁴

274 2323 344 2388 bunt
361 2324 446 2389 clius
466 2325 614 2413 repiouee
633 2331 667 2387 et
686 2332 901 2402 ostentaturo,
922 2321 1041 2411 reliqui
1060 2345 1094 2390 v.
1118 2326 1264 2416 reqioner
1284 2326 1375 2390 omit·

274 2451 346 2521 tunt,
367 2441 458 2528 quod
476 2443 660 2528 eproximo
678 2461 780 2508 versu
802 2442 888 2507 male
910 2441 977 2509 huc
998 2443 1252 2531 transscriptum
1273 2455 1375 2532 atque

274 2559 316 2624 sic
339 2563 624 2646 transponendum
646 2561 794 2626 videtur:

312 2681 413 2744 inviso
434 2680 520 2744 olias
541 2690 574 2744 et
598 2687 801 2744 ostentaturo
824 2675 956 2740 tradere
975 2676 1121 2764 palmum
1142 2679 1327 2768 repiouie.

346 2795 554 2863 Vocabulum
584 2797 670 2863 euim
707 2818 779 2859 cum
808 2793 1035 2881 dittographia
1070 2817 1090 2861 e
1123 2796 1239 2881 primis
1275 2797 1373 2866 vicini

274 2918 373 3005 emptis
392 2918 513 2984 litteris
535 2928 642 2982 ortum
664 2934 743 2981 esse
755 2912 951 2999 putaverim.
995 2914 1106 2980 Probe
1127 2925 1239 2983 autem
1257 2927 1372 2987 teneu-

273 3036 337 3102 dum
358 3047 422 3117 est,
446 3037 570 3121 optimo
589 3036 707 3101 codice
719 3034 752 3099 R
774 3045 809 3099 et
825 3033 881 3099 hic
906 3044 941 3099 et
960 3034 994 3099 in
1015 3034 1176 3119 proxiua's
1195 3033 1289 3102 libris
1308 3056 1373 3105 uos

275 3154 400 3223 destitui.
445 3156 520 3223 Hoc
539 3156 640 3241 igitur
663 3154 742 3222 dicit
766 3153 903 3234 Plinius,
926 3154 1094 3220 Senecam
1114 3152 1147 3217 in
1170 3174 1213 3221 ea
1232 3157 1373 3241 regione

275 3293 358 3356 quam
369 3285 403 3341 et
418 3276 493 3360 ipse
509 3273 681 3350 incoleret,
692 3270 868 3355 primatum
880 3270 1074 3338 Palaemoni
1089 3273 1282 3359 tradidisse,
1291 3274 1373 3344 licet

275 3391 346 3457 hene
365 3412 507 3479 gnarum
532 3390 608 3457 fore
634 3401 670 3456 ut
692 3390 792 3457 homo
820 3410 929 3460 vanus
955 3401 990 3458 et
1012 3393 1229 3477 arrogantiae
1250 3394 1373 3480 plenus

275 3509 379 3577 vidum
402 3530 424 3577 a
445 3530 486 3575 se
514 3528 632 3594 agrum
656 3504 787 3573 colendi
814 3506 955 3575 scientia
977 3509 1084 3576 virum
1112 3513 1300 3581 eruditione
1327 3534 1372 3583 ac

276 3628 410 3710 potentia
429 3628 593 3711 insignem
616 3626 831 3713 gloriaretur,
860 3628 950 3712 quod
974 3629 1115 3712 praedia
1138 3635 1277 3718 egregia
1296 3644 1372 3705 arto

275 3748 479 3831 reddidisset,
504 3765 591 3832 quae
616 3767 658 3812 ne
680 3746 713 3810 iu
734 3745 891 3831 pessimis
914 3747 1046 3833 quidem
1068 3749 1285 3838 elegantioris
1305 3751 1372 3821 soli

276 3864 326 3930 dici
342 3876 482 3951 possent
500 3866 519 3931 i.
532 3884 561 3930 e.
585 3884 671 3950 quac
692 3861 746 3929 vel
769 3864 855 3929 iuter
866 3865 1012 3948 pessima
1028 3865 1247 3933 deterioribus
1261 3890 1369 3936 aunu-

274 3985 419 4049 meranda
439 3982 641 4048 viderentur.
684 3980 735 4045 lte
756 3981 842 4046 enim
859 3980 1079 4067 explicandus
1101 3993 1153 4051 est
1167 3986 1264 4052 locus
1277 3986 1369 4077 §.oe
1481 4059 1483 4064 ,

274 4101 300 4166 iu
317 4124 377 4189 quo
401 4100 549 4187 Silligius
570 4100 730 4166 immerito
752 4100 873 4168 haesit.

683 4269 947 4348 52=ioidem
1383 4317 1447 4386 233

315 4408 455 4509 quaudo
492 4414 531 4481 et
566 4416 696 4509 postea
727 4428 995 4506 saepenumero
1030 4419 1206 4510 septenos
1240 4415 1367 4491 culeos

316 4544 456 4647 singula
474 4542 605 4643 iugera
631 4541 737 4647 [hoc
765 4551 838 4619 est
865 4545 1109 4645 ampliores
1139 4560 1367 4630 centonas

207 4696 208 4703 '
316 4674 658 4782 quadragenas]
682 4677 794 4757 musti
817 4678 969 4757 dedere.
