3700 5625
935 572 1036 642 lue
1059 573 1123 640 Vl.

306 751 455 838 'ue
897 757 1154 855 u=mm.

522 896 579 974 Hi
604 895 799 989 montium,
834 895 897 996 qui
922 905 1106 997 perpetuo
1135 906 1258 973 tractu
1282 900 1450 975 oceani
1476 924 1584 976 orae

521 1032 720 1133 pertinent,
742 1033 885 1108 incolae
911 1027 1020 1108 liberi
1046 1043 1085 1108 et
1104 1057 1236 1134 regum
1258 1046 1436 1135 expertes
1458 1037 1584 1112 multis

522 1167 676 1244 urbibus
703 1180 894 1245 montanos
921 1169 1086 1246 obtinent
1113 1172 1240 1248 eolles.
1296 1151 1300 1157 ¹

554 1321 603 1385 lta
625 1319 771 1405 Silligius
794 1343 812 1386 e
837 1322 912 1386 eod.
937 1322 969 1387 R
999 1335 1117 1408 aperto
1148 1306 1238 1387 vitio.
1290 1323 1374 1388 Nam
1407 1336 1584 1411 utrumque

470 1415 563 1505 reete
595 1438 729 1506 dicitur:
750 1440 821 1525 „ad
845 1460 938 1505 oram
963 1442 1159 1527 pertinere“
1183 1452 1217 1505 et
1236 1461 1345 1526 „orae
1367 1446 1584 1528 praetendi“,

470 1557 687 1652 „pertinere“
717 1533 798 1625 aero
822 1581 999 1647 numquam
1024 1582 1100 1625 eum
1124 1560 1235 1624 dativo
1260 1580 1340 1625 casu
1364 1564 1581 1628 construitur.

470 1675 672 1766 Alterutrum
688 1680 786 1765 igitur
805 1679 990 1766 eligendum
1007 1683 1081 1761 erit,
1103 1690 1160 1744 aut
1179 1680 1415 1766 „praetinere“
1435 1703 1511 1746 eum
1528 1683 1586 1745 da.

470 1799 538 1863 tivo
562 1807 619 1862 aut
640 1800 831 1883 „pertinere
853 1801 894 1864 ad
917 1805 1045 1865 oram“.
1089 1796 1173 1895 Illud
1195 1798 1382 1865 Salmasius
1395 1823 1431 1886 p.
1445 1799 1519 1869 995.
1533 1823 1586 1865 re.

472 1906 660 2003 oipieudum
674 1920 797 1984 statuit.
840 1921 905 1994 Qui
921 1940 1019 2006 quum
1042 1917 1182 1985 inlibris
1199 1917 1281 1986 Mss.
1300 1918 1441 2004 legisset
1469 1921 1589 1982 oceani

470 2060 530 2102 ora
549 2040 729 2126 pertinent,
751 2039 900 2104 seribere
923 2037 1028 2104 vbluit
1057 2039 1173 2102 oceani
1191 2058 1269 2102 orae
1287 2019 1470 2126 praetenti.
1494 2058 1585 2103 eum-

471 2179 535 2246 que
556 2168 693 2224 seoutus
713 2157 981 2224 estllarduinus.
1015 2157 1100 2221 Nam
1122 2134 1210 2224 salso
1223 2155 1368 2244 Silligius
1381 2153 1584 2222 Salmasium

471 2301 530 2344 ora
550 2278 677 2363 legisse
698 2277 812 2344 refert.
858 2277 1041 2342 Confirmat
1062 2297 1135 2342 eam
1159 2277 1388 2340 coniecturam
1413 2277 1585 2362 scriptura

470 2396 557 2462 Rob.
581 2395 775 2461 arcaniora
795 2398 990 2482 proclinent.
1040 2398 1279 2480 Verumtamen
1309 2396 1584 2483 pronominere·

471 2515 574 2580 lativo
601 2515 714 2600 „qui“
740 2516 879 2578 verbum
899 2515 1026 2608 finitum
1048 2513 1171 2600 requiri
1193 2513 1348 2579 arbitror.
1404 2513 1472 2576 lam
1500 2533 1583 2579 vero

472 2653 571 2728 quum
595 2633 691 2696 codd.
714 2631 763 2697 Τὰ
789 2632 971 2699 exhibeant
999 2633 1045 2698 ad
1061 2632 1176 2697 oceani
1192 2633 1440 2722 properantem,
1462 2634 1583 2699 neseio

473 2771 532 2815 cui·
565 2749 774 2818 durissimum
804 2738 1022 2819 construendi
1050 2753 1182 2819 modum
1210 2750 1316 2817 Plinio
1351 2751 1582 2820 obtrudamus.

472 2870 559 2937 Fieri
595 2872 681 2936 enim
706 2869 808 2937 saeile
843 2873 949 2959 potuit
979 2884 1015 2937 ut
1045 2873 1077 2936 in
1105 2870 1238 2957 reliquis
1270 2870 1362 2937 libris
1388 2872 1510 2937 vocula
1537 2875 1584 2938 ad

471 2993 557 3059 inter
581 2991 733 3080 syllabas
756 3000 791 3055 tu
812 3004 846 3057 et
869 3013 905 3056 oo
926 2991 1108 3057 excideret.
1157 2991 1272 3077 Itaque
1293 2990 1507 3056 scribendum
1529 3012 1583 3057 ar.

471 3112 594 3177 bitror:
617 3111 675 3207 qui
694 3110 745 3175 ad
768 3111 883 3174 oceani
904 3133 1010 3173 oram
1029 3110 1205 3199 pertinent.
1478 3197 1481 3204 1

557 3229 713 3299 Ceterum
741 3222 818 3296 lieet
843 3250 1049 3317 magnopere
1073 3228 1152 3294 mihi
1180 3226 1376 3313 displiceant
1406 3235 1582 3317 „montani

473 3338 615 3429 collese,
637 3350 772 3415 incertis
794 3349 1044 3435 suspicionibus
1067 3349 1300 3413 abstinendum
1323 3370 1411 3416 reor.

393 3555 455 3620 193
897 3532 1162 3611 77=ibidem

522 3689 624 3769 Hine
638 3687 772 3764 deinde
785 3689 954 3763 accolunt
963 3686 1095 3763 indum
1113 3688 1355 3764 adversum
1373 3688 1581 3769 evidenti

522 3826 833 3903 demonstratione
859 3825 1026 3920 Athoae,
1052 3822 1231 3924 Bolingae
1257 3833 1321 3898 rel.

555 3978 757 4063 corruptum
783 3998 861 4044 esse
888 3976 1000 4043 locum
1029 3975 1193 4060 quianon
1216 3975 1332 4042 videti
1375 3978 1472 4052 Quae
1494 3979 1580 4045 enim

472 4106 525 4165 est
551 4097 683 4161 evidens
710 4094 972 4165 demonstratio‘l
1020 4095 1140 4180 Atque.
1159 4094 1226 4161 hec
1250 4098 1359 4182 ipsum
1381 4096 1579 4163 adieetivmu

471 4215 544 4281 libri
566 4215 649 4279 Mss.
675 4236 792 4281 omnes
814 4219 979 4303 ignorant.
1023 4208 1157 4280 Habent
1177 4217 1280 4281 enim:
1302 4215 1335 4281 R
1356 4213 1580 4281 adsessorem

471 4333 618 4417 cedente,
640 4332 668 4399 Τ
694 4332 852 4399 advena
872 4356 924 4399 eos
944 4334 1095 4415 cudente,
1120 4334 1140 4399 d
1161 4332 1336 4399 adversum
1358 4356 1411 4417 eos
1433 4334 1577 4403 cadente.

470 4452 613 4519 Rectam
657 4465 767 4517 autem
805 4454 1003 4519 emendandi
1041 4454 1129 4519 viam
1164 4454 1340 4539 ingressus
1374 4463 1427 4518 est
1460 4454 1578 4519 Pintia·

471 4590 534 4637 nus
565 4568 619 4655 qui
647 4570 679 4633 iu
706 4572 826 4637 ultimis
861 4572 992 4638 duobus
1025 4572 1198 4649 vocabulis
1227 4572 1335 4638 latere
1370 4572 1577 4656 participium
