3700 5625
484 563 545 632 ltu
940 560 1042 630 uter
1062 561 1129 629 Vt.

481 747 688 835 Euphratem
707 755 838 833 petens.
865 745 949 814 inde
967 747 1146 836 colligitur,
1165 747 1336 816 vocabula
1355 747 1613 818 acSelcuriau

481 867 573 934 facili
603 868 748 955 qaudam
779 887 898 934 errore
927 868 961 934 in
991 867 1081 934 hanc
1106 868 1253 934 charam
1276 869 1391 936 locum
1423 871 1612 956 migrasse.

481 987 618 1056 Scilicet
638 1008 737 1074 quum
758 988 790 1053 in
812 987 1043 1074 antiquissimo
1063 987 1181 1054 codice
1205 987 1252 1052 'ad
1271 989 1368 1073 priua
1385 988 1611 1056 'vocabulum

480 1106 664 1174 Seleuceiaru
685 1108 719 1172 iu
740 1107 890 1192 margine
917 1116 1112 1173 annotatam
1132 1120 1226 1174 esset
1245 1106 1442 1174 Seleuciam
1464 1107 1612 1195 Babylo·

479 1229 571 1292 ‚aaa
589 1229 655 1312 (ita
676 1228 762 1292 enim
781 1228 1099 1313 cognominabatur,
1121 1226 1170 1296 cs.
1182 1228 1213 1316 §.
1226 1227 1296 1291 lii.
1310 1239 1344 1294 ct
1359 1226 1458 1313 133),
1483 1228 1610 1292 accidit

479 1359 516 1413 ut
536 1349 593 1433 qui
614 1345 836 1433 archetypum
857 1346 978 1412 librum
997 1347 1143 1433 scripsit,
1167 1347 1218 1414 his
1228 1349 1341 1414 verbis
1352 1347 1384 1412 in
1399 1347 1511 1412 Plinii
1531 1366 1609 1411 ore·

479 1465 602 1531 tionem
624 1466 774 1550 receptis
794 1464 936 1532 alterum
960 1466 1051 1553 quod
1061 1465 1268 1551 sequebatur
1279 1465 1514 1552 Balpda‘niam
1531 1487 1608 1531 cum

478 1583 630 1652 Seleucia
656 1581 876 1650 confuuderet
902 1595 1005 1669 etque
1030 1582 1216 1650 Seleuciam
1248 1604 1434 1670 germanae
1465 1584 1606 1652 lectioni

479 1705 704 1770 substitueret.
750 1704 849 1778 Quod
870 1705 900 1770 si
921 1705 1148 1787 concesseris,
1167 1705 1233 1770 iam
1255 1727 1299 1769 ex
1319 1706 1478 1770 obscura
1499 1703 1605 1768 selsa-

478 1845 545 1910 qae
564 1823 747 1908 perspicua
767 1824 918 1889 redditur
938 1822 1045 1888 Plinio
1068 1824 1178 1891 oratio
1195 1823 1274 1889 loco
1293 1825 1341 1888 ira
1362 1825 1577 1890 constitutor

521 2018 559 2031 -
583 1977 731 2043 lustralis
751 1971 913 2043 meatibus
936 1975 1202 2064 Gordyaeorum,
1231 1979 1340 2042 iuter
1365 1972 1601 2042 Seleuciam

518 2107 556 2162 et
590 2073 881 2185 Ctesiphontem
914 2107 1072 2177 vectus,
1108 2097 1198 2162 circa
1227 2096 1408 2184 Apameam
1441 2097 1601 2163 Meseues

519 2215 670 2305 oppidum
693 2217 778 2282 rura
799 2213 982 2283 Seleuciam
1004 2213 1143 2282 CXXV
1157 2216 1199 2282 M
1216 2239 1249 2304 p.
1277 2213 1462 2280 diuisusire
1486 2214 1598 2282 alueos

518 2335 611 2420 duos,
632 2334 736 2400 altero
756 2333 926 2401 meridiem
947 2357 987 2400 ac
1007 2331 1270 2423 Babyloniam
1288 2337 1371 2424 petit
1388 2334 1456 2402 rel.

398 2557 458 2623 132
758 2597 761 2604 a
883 2538 1184 2620 13ll=ibidem.'

528 2690 605 2770 Sed
628 2695 736 2793 longo
759 2700 927 2792 tempore
948 2667 1167 2827 Euphraten
1187 2693 1404 2796 praeclusae
1420 2667 1591 2769 Orcheni

526 2846 571 2909 et
597 2834 745 2908 accolae
775 2856 883 2933 agros
918 2833 1101 2936 rigantes,
1133 2857 1204 2908 nec
1238 2830 1308 2907 nisi
1335 2814 1405 2934 per
1440 2830 1588 2937 Tigrim

480 3068 485 3077 ¹
524 2968 691 3051 deferar
716 2950 891 3079 amara
969 2955 973 2963 ·
1366 2940 1370 2948 ’

559 3136 951 3220 Orchenassshaldaeos,
965 3160 1052 3224 quoe
1062 3139 1108 3205 ad
1117 3141 1288 3214 meridiem
1297 3133 1586 3228 habitasseffll.

473 3256 651 3342 retulerat,
672 3259 715 3323 ad
735 3258 908 3325 Persicum
929 3259 1039 3325 sinum
1056 3236 1584 3345 collocet·l²tolemeeusV.19.i‚
1653 3331 1654 3334 Ἴ

474 3376 651 3461 atque-hic
671 3374 786 3441 fossas
808 3375 882 3442 illas
904 3389 1008 3462 atque
1028 3378 1203 3444 emissaria
1225 3397 1352 3462 aggere
1367 3375 1495 3443 munita
1506 3389 1584 3439 esse

473 3497 592 3582 quibus
614 3492 877 3582 aquaeiluminis
899 3496 933 3560 in
953 3506 1035 3562 arva
1045 3496 1299 3573 diducebantur,
1319 3504 1354 3563 et
1363 3487 1582 3561 StraboXVL

472 3636 504 3699 p.
515 3614 588 3677 ath
610 3624 643 3679 et
665 3614 991 3699 quempo'tissimum
1013 3615 1139 3682 Plinius
1158 3617 1319 3702 sequitur,
1339 3605 1581 3681 Melaniae.

471 3733 689 3799 tradiderunt.
731 3730 888 3817 Apparet
905 3734 1022 3817 igitur,
1047 3738 1138 3821 quod
1159 3735 1224 3800 iam
1244 3736 1328 3819 ipsis
1346 3734 1459 3801 verbis
1477 3729 1582 3801 medo

472 3850 584 3917 allatis
619 3852 884 3932 demonstratur,
928 3854 1108 3922 Orchenos
1140 3855 1228 3923 illius
1261 3852 1387 3919 laboris
1420 3864 1581 3923 auctores

470 3970 641 4056 perhiberi
667 3992 775 4057 neque
804 3968 901 4036 aliam
924 3985 1074 4057 gentem,
1101 3974 1250 4061 quaein
1279 3974 1344 4039 hac
1367 3971 1501 4059 quidem
1530 3986 1579 4037 rc·

451 4090 572 4173 ¹glane
598 4088 706 4174 qualis
733 4088 850 4170 luerit,
878 4092 1013 4176 penitus
1039 4094 1220 4178 ignoratur.
1276 4094 1420 4160 Accedit
1445 4091 1533 4178 quod
1559 4105 1579 4150 c

471 4206 584 4273 verbis
606 4205 831 4286 Plinii,‘eicuti
846 4230 943 4278 ‚nuuc
960 4211 1129 4300 leguntur,
1149 4213 1298 4280 Orcheni
1317 4214 1363 4278 ah
1379 4208 1505 4277 accolis
1516 4207 1578 4275 liu·

340 4402 342 4407 ¹
471 4325 601 4413 phratis
625 4325 881 4413 distinguuntur,
902 4342 939 4395 ut
962 4331 1130 4417 quomodo
1145 4330 1448 4400 ellaminc..alieno
1466 4327 1576 4397 forsas

472 4445 600 4509 ducere
620 4444 800 4527 potuerint,
821 4468 865 4513 ua
885 4447 1088 4532 intelligatur
1105 4451 1249 4539 quidem.
1289 4452 1393 4518 immo
1414 4452 1508 4536 ipsos
1524 4462 1575 4514 ac·

473 4561 568 4631 calae
592 4560 701 4633 luisse
723 4577 985 4635 cousentaneum
1003 4580 1071 4637 este
1095 4570 1249 4639 deleatur
1273 4570 1372 4656 igitur
1392 4570 1575 4657 importum
