3700 5625
391 3361 454 3429 lla

392 4105 453 4173 143

477 567 538 635 116
939 567 1040 634 Loher
1063 567 1127 636 VI.

526 753 563 828 in
581 763 699 829 totum
714 756 953 829 absumantur
966 753 1131 854 nihilque
1151 753 1349 832 adnotetur
1368 754 1470 832 aliud
1492 756 1585 834 nori.

526 887 658 964 ucll
683 887 771 963 mil.
799 913 835 987 p.
864 888 1117 965 intervallo
1150 913 1171 963 a
1200 891 1497 966 Ptolemaide
1526 917 1588 968 res

526 1022 684 1123 ingentis
722 1023 884 1122 exempli
916 1024 1096 1123 locusque
1127 1022 1338 1101 subtilitatis
1371 1025 1588 1123 immensae,

526 1160 663 1237 mundo
685 1157 736 1235 ibi
758 1160 965 1259 deprenso,
999 1185 1082 1236 eum
1110 1159 1313 1237 indubitata
1338 1160 1484 1239 ratione
1511 1189 1587 1239 um-

525 1299 675 1373 brarum
712 1295 983 1372 Eratosthenes
1023 1319 1233 1371 mensuram
1265 1305 1389 1372 terrae
1426 1299 1589 1399 prodere

525 1430 612 1506 inde
635 1426 815 1529 coeperit.

559 1599 702 1666 Diversa
724 1598 766 1664 de
786 1596 952 1663 Berenice
973 1606 1007 1663 et
1030 1596 1234 1664 Ptolemaide
1266 1599 1353 1665 tradi
1375 1600 1589 1670 manifestum

475 1729 538 1799 est,
561 1738 670 1803 neque
691 1717 726 1782 id
749 1725 889 1801 propter
917 1735 1072 1799 magnum
1094 1716 1181 1780 inter
1201 1725 1376 1802 utramque
1398 1720 1514 1785 urbem
1537 1723 1590 1787 in·

474 1835 646 1905 tervallum
671 1836 768 1903 aliter
797 1833 869 1900 fieri
897 1834 1015 1920 potuit.
1064 1835 1100 1899 ln
1122 1833 1229 1900 altero
1250 1839 1336 1901 enim
1364 1837 1490 1922 oppido
1512 1841 1591 1924 ipso

474 1967 599 2023 tantum
621 1954 753 2022 solstitii
776 1954 829 2020 die
851 1954 1035 2021 meridiano
1057 1963 1209 2040 tempore
1233 1957 1372 2021 umbrae
1393 1977 1462 2021 non
1484 1979 1589 2045 appa

472 2077 603 2154 rebant,
622 2075 655 2139 in
677 2071 785 2138 altero
809 2092 871 2156 per
892 2070 1016 2136 multos
1037 2071 1123 2150 dies,
1145 2092 1245 2158 quum
1266 2073 1299 2138 in
1310 2073 1476 2140 Berenice
1490 2096 1590 2161 prae-

472 2204 525 2258 ter
545 2193 632 2258 diem
656 2189 787 2257 solstitii
810 2186 889 2254 nihil
910 2187 990 2253 novi
1012 2188 1148 2253 evenire
1168 2199 1356 2256 annotetur.
1401 2191 1502 2266 Quod
1524 2213 1588 2259 au-

472 2322 538 2375 tem
563 2307 807 2374 Eratosthenes
836 2309 993 2372 mundum
1021 2307 1290 2392 deprehendisse
1320 2308 1445 2395 fertur,
1479 2313 1514 2377 id
1544 2315 1587 2380 de

472 2427 537 2492 hac
564 2427 665 2507 urbe,
694 2446 803 2513 neque
830 2446 912 2492 vero
941 2425 984 2491 de
1008 2425 1213 2493 Ptolemaide
1235 2428 1346 2495 valet:
1372 2440 1473 2514 atque
1494 2428 1587 2496 illam

472 2545 561 2610 DCll
575 2543 641 2610 mil.
655 2568 689 2630 p.
706 2541 882 2609 intervallo
897 2563 918 2607 a
934 2541 1142 2609 Ptolemaide
1166 2545 1273 2611 dirimi
1294 2545 1451 2626 traditur,
1473 2547 1509 2612 id
1532 2562 1588 2616 est

471 2663 590 2732 stadiis
617 2672 758 2750 quatuor
780 2660 910 2727 milibus
931 2659 1141 2743 eccon,
1171 2666 1257 2731 sicut
1282 2664 1319 2733 ll.
1340 2663 1410 2731 183.
1431 2665 1587 2732 traditur.

470 2783 625 2869 Apparet
647 2783 746 2870 igitur
767 2780 800 2848 h.
819 2779 840 2847 l.
862 2778 961 2846 aliter
984 2779 1284 2867 interpungendum
1306 2802 1402 2869 esse,
1431 2793 1468 2850 ut
1487 2797 1588 2851 reete

471 2901 539 2967 hoc
560 2901 659 2966 modo
682 2899 848 2985 procedat
869 2900 997 2965 oratio:

513 3094 556 3108 -
578 3056 667 3133 aovi,
688 3048 802 3121 nol!
820 3049 885 3117 mit.
907 3072 939 3139 p.
966 3046 1140 3115 intervallo
1169 3071 1190 3112 a
1211 3049 1427 3117 Ptolemaide:
1455 3056 1510 3117 r'ea
1529 3055 1584 3117 in·

511 3174 617 3263 peratis
639 3169 780 3257 exempli
803 3166 862 3235 rel.

890 3336 964 3411 172
979 3333 1176 3411 :ibidem

522 3490 625 3568 Hinc
659 3486 838 3564 Azanium
871 3438 992 3582 mare,
1023 3485 1315 3586 promontorium
1341 3487 1441 3588 quod
1469 3490 1583 3592 aliqui

521 3623 768 3725 Hispalum
795 3618 994 3718 scripsere.

552 3771 735 3864 Hippalum
755 3770 844 3837 haud
869 3768 968 3835 dubie
992 3789 1013 3836 a
1035 3770 1293 3856 prudentissimo
1315 3776 1531 3863 navigatore,
1559 3798 1579 3843 a

469 3918 535 3985 quo
559 3896 658 3963 etiam
680 3911 772 3959 mare
793 3892 936 3957 vicinum
961 3911 1146 3976 cognomen
1169 3892 1313 3978 accepit.

878 4090 1167 4168 177=ihidem

518 4242 620 4345 Quin
642 4254 680 4318 et
705 4245 850 4319 accolas
871 4242 948 4319 Nili
969 4268 990 4319 a
1014 4245 1143 4345 Syene
1168 4272 1242 4324 non
1262 4249 1488 4351 Aethiopum
1509 4277 1575 4353 po

515 4380 623 4481 pulos
655 4378 723 4453 sed
754 4379 919 4455 Arabum
947 4402 1032 4454 esse
1060 4378 1151 4457 dicit
1181 4382 1325 4486 (Iuda)
1353 4410 1473 4487 usque
1495 4388 1576 4465 hle-

511 4540 625 4611 roen3
661 4513 760 4592 Solis
795 4540 944 4617 quoque
974 4517 1169 4619 oppidum,
1211 4520 1311 4622 quod
1340 4547 1415 4601 non
1441 4526 1574 4626 procul
