3700 5625
479 584 523 657 88
941 586 1044 654 liter
1061 584 1130 656 IV.

757 772 939 863 ‘raptim
964 773 1139 855 Carnos,
1163 772 1290 856 Omitte,
1328 815 1336 827 ·

479 894 711 961 terminatione
731 893 869 961 alterius
888 894 994 959 ultimi
1015 893 1169 961 vorabuii
1189 894 1282 961 initio
1302 894 1474 979 absorpta.
1504 891 1598 960 Car-

477 1034 555 1080 num
577 1025 689 1079 autem
709 1016 799 1081 inter
817 1016 881 1082 has
904 1013 1034 1081 insulas
1054 1014 1203 1080 nominat
1223 1012 1362 1101 Scylax.
1399 1014 1597 1100 Numquae

476 1131 567 1199 infra
577 1134 730 1219 sequitur
745 1134 879 1222 Cyrnus
902 1156 970 1201 una
983 1133 1189 1201 Echiuadum
1203 1132 1266 1201 tuit
1277 1153 1298 1200 u
1311 1131 1423 1201 Cerno
1437 1133 1594 1203 diversa.

418 1320 462 1387 ⁷⁹
904 1322 1161 1419 ca=1a,m.

526 1476 652 1577 Ipsam
674 1474 893 1579 (Andrum)
921 1474 1101 1576 Myrsilus
1130 1477 1318 1570 Gauron,
1352 1472 1487 1553 deindo
1513 1476 1597 1553 An-

526 1614 684 1689 tandron
710 1611 1001 1713 cognominatam
1022 1613 1147 1711 tradit,
1168 1612 1414 1689 Callimachus
1425 1610 1595 1707 Lasiam,

527 1750 588 1825 aiii
609 1749 885 1851 Nonagriam,
910 1749 1163 1851 Hydrussam,
1185 1749 1390 1852 Epagrim.

517 1917 661 1984 Primum
685 1938 761 1982 cam
784 1917 862 1981 cod.
884 1917 917 1982 R
941 1917 1120 2003 legendum
1143 1927 1195 1984 est
1217 1916 1373 1997 Gauron,
1404 1936 1481 1981 nam
1505 1914 1594 1981 Γαύ-

474 2065 544 2125 ριον
563 2036 717 2125 φρούριον
735 2035 843 2102 Andri
856 2038 1005 2104 nominat
1019 2035 1189 2103 Diodorus
1204 2036 1291 2101 Xlii.
1302 2036 1345 2101 69
1352 2059 1362 2112 ;
1386 2035 1593 2101 deindeNo-

389 2148 395 2161 ³
474 2156 626 2221 noctium
659 2155 732 2222 sive
758 2157 869 2240 potius
902 2156 1090 2222 Nonacrim
1123 2164 1157 2222 et
1183 2155 1341 2243 Epacrt'm
1377 2156 1537 2243 (Epacim
1566 2158 1593 2221 d

472 2276 622 2363 Eponam
630 2274 691 2359 R).
718 2274 803 2340 lliud
824 2277 910 2342 enim
933 2295 1053 2341 nomen
1074 2270 1156 2339 oum
1172 2273 1392 2341 celeberrimo
1411 2274 1591 2343 Arcadum

473 2406 585 2459 monte
607 2393 791 2461 cohaerere
808 2395 953 2475 videtur,
976 2414 1076 2479 quum
1099 2394 1197 2460 etiam
1213 2394 1363 2459 Andrum
1384 2391 1591 2463 incoluerint

472 2509 624 2600 Pelasgi,
645 2510 688 2577 ci.
707 2512 837 2578 Conon.
853 2510 957 2581 atlz
985 2521 1161 2597 utrumque
1183 2532 1204 2576 a
1225 2533 1258 2579 v.
1283 2488 1372 2599 dapar
1395 2500 1587 2579 ducendum

472 2642 533 2698 cst
583 2630 739 2733 Ceterum
765 2630 854 2697 infra
886 2651 1020 2719 quoque
1047 2630 1454 2721 §.commandatur
1483 2636 1586 2700 corri-

470 2752 625 2842 gendum.

408 2923 453 2993 so
897 2922 1150 3020 ⁷1=1a,m.

518 3077 699 3179 Calymua
731 3072 770 3150 iu
797 3100 870 3176 qua
899 3074 1076 3178 oppidum
1104 3075 1223 3170 Coos,
1258 3075 1436 3176 Calymne
1461 3101 1482 3152 a
1508 3104 1584 3179 qua

521 3215 749 3322 Carpathum
788 3239 884 3316 quac
922 3238 1057 3291 nornen
1096 3211 1295 3314 Carpathio
1333 3213 1425 3340 mari
1464 3215 1580 3314 dedit,

516 3353 626 3429 XXV
655 3352 730 3428 mil.
757 3376 947 3452 passuum.

547 3515 650 3586 Falsa
662 3517 749 3584 haec
762 3537 843 3584 eree
857 3530 1013 3604 apparet,
1028 3519 1107 3606 quid
1117 3518 1358 3586 resutaouam
1371 3519 1427 3599 sit,
1441 3519 1579 3590 difficile

464 3646 518 3706 est
538 3637 691 3702 iudicatu.
718 3633 804 3702 Num
818 3639 907 3723 qaod
916 3636 1108 3706 lietduinus
1131 3639 1284 3722 priorem·
1296 3636 1437 3704 insulam
1454 3637 1579 3728 Caipd-
1663 3715 1665 3732 ,

463 3777 542 3819 aum
563 3755 667 3822 scribi
686 3757 802 3839 voluit,
821 3757 948 3845 abusus
963 3767 1016 3823 est
1031 3757 1220 3825 discrimine
1236 3777 1378 3842 prorsus
1396 3758 1579 3829 'arbitrario
1663 3805 1664 3850 ,

463 3876 554 3963 quod
579 3887 617 3941 ut
643 3875 799 3944 diversas
832 3876 981 3942 eiusdem
1009 3877 1152 3944 nominis
1178 3875 1308 3944 formas
1333 3876 1496 3963 simulque
1524 3878 1578 3945 io-

462 4014 537 4060 cum
547 3994 762 4063 }iomericum
774 3995 939 4064 littam.
948 3995 1168 4082 explicarent,
1178 3997 1385 4081 grammatici
1395 3997 1575 4084 excogita-
1663 3989 1664 3994 ἵ

461 4124 548 4196 rant,
564 4113 606 4181 of.
618 4114 729 4183 Strab.
738 4117 783 4183 X.
790 4116 862 4183 489.
886 4116 1006 4184 Priore
1026 4127 1119 4182 curte
1137 4113 1217 4180 icoo
1238 4135 1316 4180 cnm
1329 4116 1502 4184 codrict
1520 4139 1576 4198 re·

460 4231 558 4318 liquis
579 4236 635 4320 qai
655 4234 711 4300 rei
729 4233 905 4322 Calymaia
919 4233 975 4302 vel
987 4233 1165 4301 Columnam
1183 4233 1309 4320 legunt,
1328 4235 1448 4319 procrd
1471 4235 1574 4304 dubio

461 4348 629 4417 Columna
649 4353 705 4419 vei
728 4352 891 4440 Cotymaa
910 4353 1120 4419 retinendum
1139 4363 1205 4423 est.
1261 4353 1393 4420 Deinde
1416 4352 1511 4421 Coos
1528 4357 1573 4422 ab

461 4471 579 4538 eadem
597 4469 708 4555 insuia
730 4473 966 4560 distinguenda
982 4475 1055 4558 erit,
1075 4493 1176 4560 quum
1188 4482 1268 4560 post
1279 4473 1478 4561 Calymuem
1488 4471 1572 4541 Car·

460 4589 597 4676 patirum
617 4612 740 4661 versus
762 4590 833 4660 Cos
853 4590 964 4660 insula
983 4593 1091 4680 prima
1109 4603 1287 4682 sequatur,
1307 4613 1395 4681 quae
1417 4594 1526 4661 etiarn
1537 4594 1571 4664 iu
