3700 5625
715 759 804 823 Liber
816 763 952 826 XXXV.
1324 758 1385 827 221

281 956 414 1021 sonibus
447 955 641 1041 reliquisque
673 954 863 1021 animalibus
894 953 1040 1019 traditur.
1093 954 1240 1042 βλαβερὰ
1272 955 1335 1040 γὰρ
1369 951 1386 1039 ἡ

280 1072 463 1160 ἀποφορᾶ,
484 1072 587 1157 inquit
607 1065 879 1137 Dioscorides'se.
902 1078 961 1137 soi
986 1070 1164 1155 μολύβδου.

686 1194 757 1269 168
781 1189 981 1266 :ibidem
1080 1248 1082 1257 ,
1406 1187 1466 1255 761

328 1368 376 1377 -
406 1344 491 1398 eum
517 1344 560 1397 se
585 1321 667 1421 ipso
693 1321 821 1397 teritur
844 1323 881 1397 in
907 1322 1088 1399 mortariis
1113 1320 1297 1421 plumbeis
1324 1322 1386 1397 ad·
1470 1332 1483 1358 ⁶

329 1454 407 1529 dita
432 1476 529 1553 aqua
554 1452 706 1530 caelesti
732 1454 855 1531 donec
884 1462 1093 1531 crassescat

280 1608 321 1650 se.
346 1607 413 1650 non
434 1586 599 1671 plumbum
622 1565 680 1650 sed
702 1606 802 1673 aqua,
832 1584 894 1663 ἕως
914 1586 958 1652 ἂν
979 1590 1129 1676 μελανβῇ
1157 1586 1195 1652 τὸ
1217 1584 1307 1675 ὕδωρ
1329 1591 1386 1651 καὶ

278 1708 413 1789 γένηται
446 1680 610 1780 ἰλυῶδεςῖ
636 1702 743 1770 Dioso.
779 1705 823 1767 eit
852 1702 890 1767 V.
913 1704 962 1771 95.
1006 1704 1119 1790 ltaque
1155 1723 1239 1788 poue
1274 1724 1384 1769 vocem

280 1819 404 1903 ‚doneo‘
425 1819 600 1910 ‘inserendo
622 1827 671 1885 est
692 1841 738 1885 eo.

690 1939 971 2017 169=ibidem
1182 1990 1185 1996 ·
1406 1940 1468 2008 762

312 2068 489 2164 'Quidam
514 2070 551 2145 in
577 2069 725 2171 lapideo
752 2038 1176 2151 mortari0⁰etmaxime
1197 2073 1383 2189 Thebaico

327 2202 541 2304 plumbeum
570 2202 745 2302 pistillum
772 2210 892 2281 terere
918 2203 1069 2282 malunt.

360 2341 499 2416 plismbeo
525 2341 667 2417 pistillum
694 2336 726 2400 R
752 2343 890 2417 plumbeo
916 2344 1029 2417 pistillo
1052 2339 1073 2402 d
1095 2344 1127 2403 et
1148 2339 1254 2423 vulgo.
1290 2338 1322 2405 οἱ
1348 2340 1386 2404 δὲ

278 2454 435 2541 καθαρὸν
461 2452 629 2538 μόλυβδον
662 2451 854 2541 ῥινήσαντες
888 2462 1061 2541 τρίβουσιν
1089 2451 1126 2523 ἐν
1157 2458 1269 2547 λιθίνῃ
1302 2456 1386 2547 doi'p

278 2572 410 2637 δοίδυκι
445 2574 564 2659 λιθίνῳ
596 2570 803 2636 Dioscorides
830 2572 849 2635 l.
881 2571 901 2636 l.
945 2574 1058 2659 ltaque
1087 2572 1291 2637 scribendum
1321 2580 1385 2637 est:

274 2694 441 2790 plumbatis
460 2694 601 2770 pistillo.

688 2809 753 2883 171
782 2831 824 2862 =
854 2810 970 2899 18‚51.
1407 2832 1468 2899 763

329 2940 461 3020 scoria
487 2986 533 2998 -
560 2939 770 3040 plumbi-
798 2944 935 3040 optima
955 2964 1049 3041 quae
1075 2943 1232 3019 maxime
1258 2944 1306 3019 ad
1331 2943 1387 3020 lu·
1423 2955 1425 2968 ’

328 3087 430 3154 teum
455 3075 617 3154 colorem
644 3075 810 3166 aceedit,
849 3073 930 3151 sine
956 3074 1095 3175 plumbi
1134 3075 1299 3175 reliquiis
1326 3086 1387 3154 aut

329 3209 519 3310 sulphuris
542 3209 670 3309 speeie
697 3214 733 3283 et
758 3213 855 3284 terra
870 3230 1012 3286 carens

363 3343 438 3407 Duo
471 3362 591 3428 genera
627 3341 720 3405 simul
754 3342 876 3426 optima
897 3362 970 3406 esse
999 3349 1195 3428 nequeunt,·
1214 3361 1318 3429 neque
1353 3343 1386 3406 in

277 3461 426 3548 proximo
446 3479 543 3524 sensu
557 3463 634 3523 laec
654 3459 716 3523 uisi
738 3479 803 3524 una
827 3459 1005 3546 eademque
1028 3467 1085 3527 est.
1107 3459 1244 3526 Aooedit
1265 3459 1387 3546 quoda

278 3577 471 3642 Dioscoride
499 3597 625 3664 quoque
653 3576 691 3642 V.
713 3577 753 3644 97
780 3576 861 3641 haee
881 3580 985 3662 μηδὲν
1014 3575 1140 3661 ἔχουσα
1164 3578 1386 3662 μολυβδῶδες,

276 3695 488 3782 μυλινοειδὴς
515 3703 560 3784 τῷ
590 3694 738 3782 χρώματι
769 3677 838 3758 sola'
864 3695 1022 3761 laudatur.
1066 3699 1178 3782 Itaque
1207 3696 1305 3760 verba
1334 3709 1387 3760 ool

276 3817 434 3895 sulphuris
454 3821 582 3893 speciem
596 3812 788 3889 (aeousotivi
810 3812 893 3875 enim
916 3815 1098 3878 terminatio
1120 3814 1320 3880 intercidisse
1342 3815 1387 3879 vi-

279 3930 393 4016 detur)
416 3952 501 4016 pone
522 3953 552 3995 v.
574 3937 703 3994 colorem
726 3931 923 4011 inserantur,
950 3931 969 3998 i.
994 3951 1022 3996 e.
1045 3939 1119 3996 ante
1139 3954 1238 3997 unum
1259 3952 1387 3996 versum

277 4049 393 4114 XXVI
414 4050 608 4131 litterarum,
640 4049 693 4133 qui
723 4047 848 4112 scribae
874 4047 1081 4112 festinatione
1110 4069 1194 4114 nuno
1223 4052 1387 4136 praeeedit

278 4190 320 4233 ea
341 4185 424 4252 quae
448 4168 539 4254 sequi
561 4165 709 4231 debebat.
1163 4171 1167 4178 '

701 4321 822 4416 nisus
845 4336 967 4414 mv,

321 4492 359 4555 In
381 4490 443 4555 hoo
465 4508 592 4575 quoque
614 4487 711 4570 libro,
736 4491 827 4553 euius
849 4489 1024 4572 §se-28,
1046 4489 1201 4571 tit-137,
1225 4491 1388 4557 151-157
1502 4517 1513 4548 r

278 4611 312 4673 in
345 4607 597 4674 obtestomsthis
623 4605 789 4688 illustravi,
817 4606 933 4672 aedidit
955 4606 1032 4671 mihi
1052 4611 1088 4669 ut
1109 4606 1278 4670 nonnullos
1301 4607 1388 4672 locos

279 4726 466 4814 imprudens
488 4726 569 4792 tales
589 4725 682 4810 typisn
702 4723 928 4810 exprimendos
950 4725 1200 4791 transmitterem
1222 4725 1333 4809 qusles
1355 4725 1388 4790 in
1450 4781 1459 4788 .
