3700 5625
496 567 558 635 148
941 567 1044 637 cuer
1066 567 1177 636 Vm.

493 754 668 820 obtinuere
676 757 699 794 ‘⁶
722 751 794 838 (ita
814 755 903 818 euim
924 774 1000 819 oum
1022 752 1190 820 Salmasio
1211 753 1320 840 prbi&
1329 775 1402 844 sqq.
1425 756 1591 842 iegenduur

493 873 566 957 est)
591 870 637 936 ita
658 871 776 956 paucis
797 873 999 939 intermissis
1020 873 1132 960 pergit
1153 872 1299 953 Plinius}
1419 905 1423 912 ·

542 1025 666 1102 Maius
690 1026 883 1128 augurium
906 1027 1005 1128 apud
1028 1027 1173 1128 priscos
1196 1027 1352 1129 plebeiis
1374 1027 1591 1106 circensibus

542 1187 746 1238 excusso
769 1161 932 1262 auriga
956 1162 1007 1236 ita
1032 1171 1074 1238 ut
1094 1172 1210 1238 staret
1231 1163 1269 1239 in
1292 1163 1516 1266 Capitolium
1541 1195 1592 1243 cu-

543 1298 707 1377 currisse
735 1323 850 1398 equos
873 1297 1078 1405 aedemque
1105 1307 1164 1374 ter
1185 1299 1363 1374 lustrasse
1386 1345 1440 1360 -

576 1451 753 1527 Quomodo
775 1449 863 1516 haec
884 1451 990 1515 verba
1011 1449 1213 1517 intellexerit
1224 1450 1385 1538 Silligias,
1406 1472 1450 1518 ue
1464 1452 1592 1518 divinari
1644 1486 1645 1507 2

489 1569 622 1655 quidem
653 1569 749 1634 iicet:
784 1567 901 1652 auriga
923 1568 1012 1634 euim
1032 1569 1079 1634 ita
1100 1567 1254 1654 profecto
1276 1590 1378 1650 curru
1400 1573 1514 1638 excuti
1534 1592 1591 1636 nou

490 1686 616 1771 potuit,
639 1697 676 1752 ut
695 1696 805 1754 staret
824 1686 858 1750 in
883 1706 996 1753 curru.
1047 1685 1156 1753 Recte
1173 1686 1274 1774 vulgo
1296 1688 1454 1754 scribitur
1476 1699 1518 1754 nt
1534 1691 1592 1755 sie

490 1805 589 1875 codd.
603 1817 739 1891 praeter
752 1805 822 1872 R²d
838 1806 1003 1884 omuibus,
1021 1807 1111 1891 quod
1128 1806 1218 1872 idem
1231 1806 1398 1892 significat
1412 1810 1505 1895 quod
1521 1807 1592 1874 abas

487 1943 560 2010 „ao
576 1925 641 2002 si⁵f
662 1935 696 1991 et
711 1923 863 1992 similiter
884 1922 916 2010 §.
933 1923 985 1992 75.
1007 1933 1215 2009 usurpatum·
1246 1925 1402 2011 Apparet
1421 1947 1506 1992 uero
1528 1948 1591 1992 cunr

479 2065 531 2124 ‘ea
552 2045 585 2111 vi
606 2045 702 2122 vocis
725 2045 814 2130 quod
836 2045 1012 2128 praecedit
1030 2044 1081 2108 ito
1100 2065 1167 2109 nou
1191 2044 1279 2110 bene
1302 2044 1487 2112 conciliari.
1514 2047 1591 2121 Qua·

487 2173 665 2250 proptera
688 2161 912 2247 dittograpbia
935 2163 1079 2247 repetita
1101 2163 1197 2229 verbi
1222 2163 1343 2252 euripo
1370 2165 1590 2232 terminatione

488 2292 596 2348 ortum
617 2300 696 2346 esse
715 2280 858 2359 videtur,
881 2279 1180 2366 scribendumque:

614 2435 654 2446 -
678 2419 816 2466 excoctae
838 2400 969 2486 euripo,
991 2407 1039 2462 act
1058 2399 1097 2464 ci
1116 2408 1232 2480 staret,
1253 2399 1289 2464 r‘n
1312 2397 1393 2486 Cap.
1414 2399 1476 2464 rei.

408 2594 470 2661 186
903 2567 977 2642 169
993 2603 1030 2636 e
1046 2567 1109 2664 43,
1124 2569 1186 2644 68.

538 2718 617 2796 Nec
652 2717 723 2794 nisi
751 2718 915 2820 spatiosa
946 2720 1147 2797 incubitat
1179 2719 1334 2815 laxitas3
1370 2721 1472 2796 varia
1500 2746 1591 2796 nam·

537 2882 610 2957 que
643 2880 772 2931 somno
807 2854 887 2932 visa
921 2854 1133 2957 concipiunt
1170 2857 1324 2959 (asini)
1357 2858 1432 2934 ictu
1465 2860 1591 2961 pedem

538 2992 671 3081 crebro
698 2999 761 3065 rel.

569 3127 685 3194 Talem
712 3128 826 3193 iocum
850 3148 870 3193 e
897 3127 1017 3194 codice
1045 3128 1065 3191 d
1095 3129 1264 3195 coustituit
1291 3128 1449 3214 Silligius.
1500 3130 1541 3193 Et
1561 3127 1589 3190 id

486 3247 619 3333 quidem
639 3247 827 3312 rectissime
851 3245 930 3311 feeit
948 3246 1038 3331 quod
1060 3267 1128 3311 non
1148 3257 1273 3311 tanturn
1295 3244 1435 3312 Barbari
1453 3247 1588 3332 interpo-

484 3365 642 3461 lationem
651 3364 780 3449 sprevit
790 3364 930 3451 spatiose
940 3362 1110 3443 incubant,
1121 3363 1205 3428 alios
1214 3373 1418 3450 artmano,
1426 3368 1589 3431 sedetiam

461 3565 464 3570 Ι
484 3482 654 3567 vulgatum
673 3482 861 3560 lectionem,
884 3481 1054 3545 oBudaeo
1074 3480 1126 3546 De
1141 3502 1220 3547 asse
1242 3505 1274 3567 p.
1286 3482 1362 3551 216.
1384 3503 1403 3548 e
1426 3486 1587 3549 codicibus

484 3604 601 3673 nescio
625 3603 744 3689 quibus
774 3601 940 3686 prolatam
967 3604 1066 3685 (nam
1092 3603 1211 3688 quibus
1232 3601 1325 3667 libris
1346 3602 1429 3669 Mss.
1450 3626 1529 3669 usus
1551 3603 1589 3668 sit

483 3721 653 3802 Budaeus,
678 3741 766 3785 nunc
785 3740 851 3783 uon
874 3730 1025 3798 constat,
1054 3719 1187 3803 optimis
1212 3721 1343 3806 quidem
1366 3722 1422 3785 vix
1444 3723 1588 3787 videntur

483 3861 562 3907 esse
592 3837 833 3921 accensendi).
892 3836 1079 3901 Barbarum
1106 3848 1217 3901 autem
1245 3839 1413 3923 appellavi
1439 3862 1533 3927 quem
1558 3840 1587 3904 K

483 3958 631 4043 Siliigius
652 3958 810 4033 nominat,
833 3951 961 4019 scilicet
981 3952 1147 4019 famosum
1166 3953 1257 4018 illurn
1271 3953 1428 4023 Veterem
1446 3960 1586 4025 codiccur

483 4076 704 4163 Daiecanrpii‚
725 4096 822 4161 quem
838 4072 962 4138 uatium
979 4074 1112 4139 omuino
1131 4070 1241 4139 fuisse
1254 4095 1452 4159 persuasum
1472 4077 1585 4154 babeo,

483 4193 562 4259 iicet
586 4214 652 4257 non
685 4194 822 4260 Barbari
846 4203 972 4258 tantum
1001 4192 1063 4257 sed
1088 4193 1228 4283 aliorum
1250 4194 1348 4260 etiam
1367 4196 1511 4263 virorum
1533 4200 1585 4262 do·

483 4324 612 4379 ctorum
624 4314 837 4378 coniecturas
851 4332 892 4377 ea
903 4310 990 4398 sigla
1003 4311 1245 4396 comprehendi
1257 4317 1498 4399 perspexerim.
1514 4314 1583 4380 Hoc

483 4442 578 4497 certe
603 4429 681 4497 looo
704 4441 738 4496 et
764 4430 853 4498 infra
878 4433 913 4519 §.
934 4430 1007 4497 209.
1032 4432 1202 4518 scriptura
1231 4456 1251 4499 e
1280 4432 1364 4499 Vin
1385 4434 1581 4521 Dalecampii

480 4548 632 4637 margine
646 4546 748 4615 allata
767 4549 801 4615 in
815 4549 957 4617 uetustis
975 4550 1140 4636 exemplis
1158 4571 1247 4638 quae
1259 4554 1304 4619 ab
1316 4552 1494 4623 Hermolao
1504 4553 1581 4619 Bor·
