3700 5625
715 593 817 666 nater
838 597 903 668 VI.
1322 601 1364 670 91

266 808 295 862 et
304 795 470 864 Antiocho
493 793 631 862 Seleuci
650 793 720 861 filio
745 795 838 862 missi
859 793 1005 878 fuerunt,
1028 795 1073 862 ad
1093 795 1366 864 Amitrocbadem

264 913 610 981 scilicetSandroootti
630 912 744 993 filiam,
767 933 867 1000 quem
892 913 992 980 otiam
1005 914 1187 982 litterarum
1201 935 1364 983 commer-

266 1035 309 1100 cio
329 1055 405 1100 oum
413 1031 585 1101 Antiocho
607 1033 820 1100 coniunctum
841 1030 949 1100 fuisse
972 1044 1118 1116 constat,
1140 1033 1186 1102 of.
1199 1034 1312 1102 suan.
1325 1037 1364 1102 ll.

264 1151 349 1238 p.70‚
362 1153 489 1218 Athen.
503 1149 593 1216 XIV.
607 1175 641 1238 p.
651 1150 723 1216 652.
746 1152 815 1218 latu
834 1171 918 1218 vero
942 1154 1120 1240 permirum
1139 1154 1284 1233 videtur,
1297 1154 1365 1222 Pli-

264 1272 340 1335 nium
356 1271 455 1338 varia
473 1271 641 1336 variorum
661 1269 821 1336 librorum
844 1271 1052 1358 exemplaria
1076 1273 1164 1338 inter
1184 1293 1224 1340 se
1247 1285 1365 1340 contu-

264 1386 335 1453 lisse
359 1397 463 1474 atque
490 1389 680 1476 scripturae
712 1389 958 1476 discrepantias
986 1401 1147 1458 accurate
1167 1404 1365 1476 annotasse,

265 1507 366 1571 mirum
387 1517 422 1573 et
446 1509 481 1572 in
506 1508 668 1576 immenso
691 1531 790 1596 quem
812 1518 1018 1593 susceperat
1035 1507 1155 1574 labore
1175 1510 1233 1576 vix
1257 1512 1366 1577 credi·

266 1624 331 1691 bile.
359 1625 509 1692 Accedit
525 1629 615 1712 quod
634 1638 702 1693 tum
715 1626 917 1710 stadiorum,
937 1647 1005 1690 non
1026 1625 1237 1693 miliariorum
1251 1649 1366 1694 uume-

265 1765 314 1810 ros
334 1744 366 1809 in
386 1743 463 1811 aliis
480 1743 689 1812 Graecorum
711 1756 885 1813 auctorum
907 1744 1081 1811 codicibus
1100 1743 1197 1810 aliter
1216 1748 1365 1834 scriptos

267 1883 517 1929 commemorare
540 1864 697 1951 oportuit.
751 1863 906 1950 Denique
933 1863 1046 1930 verbis
1073 1861 1174 1929 valde
1202 1868 1365 1956 ambiguis

268 1991 294 2046 et
311 1983 475 2069 impeditis
498 2004 711 2050 numerorum
733 1979 940 2051 differentiae
961 1979 1193 2068 proferuntur.
1227 1985 1313 2052 Nam
1332 1997 1368 2052 et

268 2097 348 2184 §.62
370 2101 489 2168 verbis
513 2101 580 2183 „ln
605 2102 837 2186 quibusdam“
859 2096 921 2166 rel.
943 2111 1114 2167 structura
1135 2101 1236 2169 totius
1261 2126 1365 2170 enun-

269 2218 325 2285 u'ati
338 2221 545 2308 pervertitur
560 2219 661 2306 etqui
675 2217 707 2306 ἕ.
718 2219 772 2286 63.
785 2217 966 2285 laudantur
986 2217 1089 2300 „olii“
1107 2231 1142 2286 et
1155 2217 1366 2309 „plerique“,

270 2338 322 2404 etsi
339 2313 413 2406 libri
435 2339 527 2406 Mss.
548 2335 694 2420 meroni,
719 2359 831 2404 rerum
853 2339 1041 2426 scriptores
1066 2339 1220 2406 videntur
1245 2341 1364 2410 fuisse.

270 2455 361 2528 Quam
387 2461 431 2525 ob
460 2479 531 2523 rem
554 2480 643 2546 quae
666 2459 764 2525 uncis
789 2457 984 2526 inclusimus
1013 2480 1083 2525 non
1107 2481 1128 2526 a
1151 2457 1258 2526 Plinio
1287 2484 1366 2548 pro·

270 2572 346 2642 lecta
371 2599 453 2645 esse
477 2578 622 2644 arbitror
639 2588 673 2643 et
695 2598 781 2662 quae
795 2577 828 2641 h.
840 2577 864 2642 1.
881 2575 1059 2643 laudantur
1082 2578 1300 2666 exemplaria,
1325 2581 1366 2648 iis

270 2714 326 2759 non
339 2697 495 2764 Graecos
515 2697 620 2766 libros
646 2697 708 2764 sed
725 2695 831 2782 ipsius
855 2695 1005 2763 auctoris
1027 2694 1165 2765 codices
1189 2699 1364 2779 contineri,

272 2833 343 2896 quos
368 2839 472 2902 quum
492 2818 525 2882 in
551 2818 696 2885 numeris
719 2838 787 2883 nou
807 2818 1000 2884 consentire
1012 2816 1236 2886 intellexisset
1257 2841 1366 2907 gram·

272 2934 394 3003 maticus
422 2937 481 3023 qui
506 2937 550 3001 ad
570 2946 779 3003 vetustorum
799 2934 960 3001 librorum
986 2946 1147 3002 accurate
1168 2935 1367 3007 collatorum

272 3046 356 3119 fidem
375 3054 567 3142 exemplum
588 3053 678 3120 unde
700 3056 807 3120 nostri
828 3053 968 3127 codices
981 3054 1150 3121 linxerunt
1167 3058 1367 3142 composuit,

273 3171 375 3238 sedulo
397 3174 431 3239 in
455 3172 601 3259 margine
627 3172 817 3258 scripturae
834 3170 945 3259 ¹quam
970 3176 1147 3244 invenerat
1171 3175 1367 3242 varietatem
1431 3225 1433 3230 ,

275 3286 441 3374 annotavit,
458 3293 547 3358 unde
566 3292 600 3357 iu
616 3290 793 3378 archetypi
807 3302 931 3359 textum
944 3291 1106 3381 migravit.
1133 3294 1259 3359 lunium
1277 3293 1368 3363 illum

274 3403 470 3477 Laurenaum
492 3410 564 3477 sive
578 3412 689 3497 potius
702 3408 941 3477 Laurentinum
953 3412 1041 3493 dico,
1066 3412 1099 3476 in
1118 3412 1368 3500 subscriptione

277 3526 385 3595 codicis
408 3529 443 3595 A
470 3529 512 3595 ad
540 3528 668 3597 calcem
692 3528 768 3596 libri
791 3532 900 3616 quarti
925 3530 1138 3615 nominatum,
1162 3531 1229 3616 qui,
1249 3542 1285 3598 ut
1304 3533 1369 3598 iam

275 3660 301 3705 u.
322 3644 371 3711 39.
390 3646 665 3737 significavimus,
693 3647 834 3715 saeculo
863 3660 982 3735 quarto
1006 3661 1088 3739 post
1114 3649 1193 3715 cbr.
1219 3672 1251 3717 n.
1273 3649 1370 3717 Plinii

277 3780 349 3844 opus
374 3769 557 3833 recensuit.
615 3770 803 3855 Permagna
828 3770 915 3835 enim
951 3789 1163 3833 numerorum
1193 3770 1371 3851 perturba-

278 3876 353 3946 tione
384 3882 475 3951 hane
504 3886 765 3973 descriptionem
794 3888 971 3952 etiamnum
1001 3886 1160 3951 laborare
1194 3906 1236 3951 eo
1269 3906 1370 3971 prae-

279 4000 375 4065 sertim
399 3997 547 4069 ostendit
572 4002 883 4088 Sohwunbeckius,
921 4006 1011 4092 quod
1047 4015 1186 4091 praeter
1211 4002 1371 4070 DCXXV

280 4114 332 4179 mil.
351 4140 443 4204 pass.
471 4121 581 4189 nullus
613 4126 657 4189 ad
685 4124 822 4211 plenam
849 4126 1031 4193 stadiorum
1045 4135 1242 4190 mensuram
1270 4143 1371 4189 ravo*

281 4236 339 4300 otri
360 4248 491 4324 potest,
521 4252 554 4306 et
586 4242 753 4325 ultimum,
791 4264 857 4330 quo
893 4244 1038 4331 spatium
1065 4245 1152 4308 inter
1178 4243 1374 4311 Palibothra

282 4348 461 4444 Gangisquc
487 4361 606 4426 ostium
634 4362 806 4444 definitur,
834 4361 868 4428 in
894 4360 1158 4430 Dccxxxvnt
1183 4362 1373 4429 mutandum
1430 4407 1432 4410 -

284 4488 350 4539 esse
368 4474 541 4545 Strabonis
567 4479 645 4548 loco
670 4480 747 4547 XV.
766 4505 800 4568 p.
814 4482 887 4549 689.
916 4483 1154 4568 comprobatur
1176 4483 1231 4568 qui
1253 4502 1273 4547 e
1298 4482 1375 4548 Me·

211 4656 212 4673 p
284 4592 427 4673 gastbene
452 4618 517 4664 sex
538 4598 626 4665 milia
650 4600 835 4668 stadiorum
861 4600 1018 4667 nominat.
