3700 5625
700 585 802 654 liber·
819 585 887 655 IX.
1291 585 1353 654 tot
1403 657 1408 667 ,

245 773 311 842 Vll.
324 795 357 860 p.
367 772 429 839 301
442 773 471 838 E
485 775 573 862 sqq.)
595 774 681 841 etin
703 793 836 841 oceano
858 767 1026 840 Gaditano
1048 771 1352 860 frequentissimum

245 915 320 960 esse
350 895 384 962 id
414 915 521 978 genus
547 895 706 982 piscium,
742 893 785 962 cl‘.
804 887 930 964 stabo
948 895 1000 964 ΙΙΙ,
1019 917 1053 982 p.
1068 893 1140 960 tto.
1193 889 1267 958 'l'ali
1292 909 1353 956 au·

243 1024 305 1078 tarn
338 1012 485 1080 ablativo
519 1013 690 1095 absoluto,
725 1015 782 1082 ubi
811 1013 935 1082 nullum
966 1013 1176 1100 participium
1207 1011 1352 1088 additur,

244 1132 273 1196 in
299 1133 417 1217 primis
443 1129 630 1196 delectatur
655 1130 797 1217 Plinius,
828 1131 948 1218 veluti,
978 1144 1015 1198 ut
1037 1152 1136 1198 unrrrn
1159 1151 1220 1217 pro
1242 1127 1352 1195 multis

246 1250 431 1335 exemplum
461 1249 618 1334 afferam,
651 1249 741 1316 XVl.
760 1249 831 1315 188.
866 1248 977 1334 „alias
1012 1251 1140 1314 cortica
1169 1248 1353 1314 inextrica-

245 1369 318 1433 bili“
339 1367 494 1453 legimus,
515 1367 572 1433 vel
594 1368 882 1434 accommodatius
906 1368 1005 1432 etiam
1027 1365 1243 1432 XXXlV.37.
1265 1367 1353 1445 „sin

247 1489 395 1572 gulorum
429 1507 561 1575 quoque
592 1486 820 1573 inexplicabili
854 1485 1101 1557 nrultitudiue.“
1155 1483 1355 1571 Significant

245 1607 340 1692 igitur
350 1607 459 1674 ver-ba
474 1607 507 1673 in
517 1605 713 1694 parenthesi
731 1605 903 1692 ponenda,
925 1599 1163 1671 multitudinem
1176 1604 1308 1692 quidem
1320 1612 1356 1669 et

246 1725 325 1793 alias
343 1727 378 1792 in
401 1725 538 1812 thynnis
562 1736 687 1790 tuncrm
710 1723 861 1810 conspici
887 1735 1045 1810 quantam
1071 1726 1105 1789 in
1127 1723 1248 1790 belluis
1269 1722 1355 1788 ludi·

248 1867 317 1911 cunr
337 1865 432 1910 mare
452 1845 618 1911 ostendat.

324 2001 441 2085 ltaque
470 2008 560 2062 totus
586 1993 680 2062 locus
702 2015 806 2061 sanus
828 1993 1013 2083 salvusque
1035 1995 1233 2076 remanebit,
1252 1995 1355 2061 'dum-

248 2117 341 2182 modo
363 2117 396 2182 in
417 2117 508 2181 hunc
528 2117 660 2181 modurn
682 2116 952 2202 interpungatur:

289 2269 413 2336 belluas
434 2291 508 2333 cam
527 2265 682 2360 fluctibus
701 2265 838 2334 uoluunt
864 2265 916 2356 (et
937 2235 1021 2332 aliar
1043 2228 1138 2332 tanta
1159 2237 1357 2354 tbynrrurrtar

287 2384 529 2476 mullitudine),
551 2395 591 2452 ut
610 2387 722 2478 mapnr'
743 2385 843 2452 Aba.
868 2385 929 2452 rel.

327 2541 595 2630 Insequentibus
609 2541 702 2629 §.io
723 2544 807 2607 satis
830 2541 943 2607 mirari
962 2562 1108 2629 nequeo,
1128 2563 1192 2607 cur
1210 2541 1358 2628 Silligius

251 2663 547 2748 interpunctionem
575 2659 782 2744 Dalecarnpii
809 2671 843 2724 et
870 2658 1032 2725 Harduiui
1064 2679 1164 2746 quam
1189 2662 1357 2749 antiquam

253 2781 385 2847 Barbari
412 2791 447 2846 et
475 2777 624 2860 Geleuii,
654 2797 754 2863 quam
781 2788 816 2844 at
844 2777 1019 2845 Gesnerus
1046 2780 1202 2865 probavit
1230 2790 1266 2846 at
1293 2801 1358 2867 ugo

253 2902 391 2966 nondum
412 2899 577 2984 inspectis
598 2900 766 2965 veteribus
787 2898 952 2985 exemplis
977 2910 1106 2986 sponte
1127 2901 1359 2984 restituebam,

254 3022 343 3107 sequi
361 3018 527 3087 maluerit.
554 3018 719 3086 Narratur
740 3020 785 3085 ibi
797 3019 932 3089 Tiberio
947 3020 1101 3106 principe
1117 3018 1151 3085 in
1172 3022 1359 3088 Santonum

256 3139 345 3209 litore
365 3140 501 3208 belluas
521 3148 679 3225 repertas
702 3158 797 3218 esse,

299 3292 469 3392 interque
502 3288 664 3391 reliquas
699 3286 917 3390 elephantos
951 3298 989 3364 et
1021 3286 1157 3364 arietes
1199 3290 1361 3366 candore

301 3438 439 3504 tautum
458 3424 631 3502 cornibus
655 3424 892 3521 adsimulatis,
915 3424 1097 3502 Nereidas
1111 3453 1200 3503 vcro
1217 3428 1361 3504 multas.

303 3564 511 3642 Turranius
531 3562 707 3666 prodidit,
731 3564 924 3664 expulsam
945 3562 1103 3639 belluam
1122 3564 1160 3639 in
1176 3565 1362 3643 Gaditano

302 3704 410 3783 litore
435 3708 499 3777 rel.
1075 3696 1079 3703 ’

332 3874 383 3939 lta
403 3882 499 3941 recte
521 3869 711 3957 interpungi
729 3880 763 3935 et
777 3870 971 3955 scripturae
982 3870 1132 3939 varietas
1145 3868 1281 3951 indicat,
1298 3888 1365 3954 qua

262 3990 478 4059 iunouuullis
504 3988 618 4070 codd,
647 3984 748 4053 veluti
774 3986 810 4051 M
834 3986 1059 4074 Delecarupii,
1091 4006 1189 4074 quem
1216 3984 1365 4071 Silligius

264 4130 279 4173 r
296 4112 458 4194 nominat,
485 4108 542 4175 hic
559 4127 643 4177 varo
665 4105 788 4175 afferre
807 4107 976 4195 neglexit,
1004 4119 1040 4179 et
1058 4106 1212 4187 Barbari,
1233 4107 1367 4176 additur

264 4252 350 4310 amr,
371 4242 407 4298 et
426 4228 606 4297 verborum
628 4238 797 4297 structura
816 4228 1014 4298 necessario
1034 4226 1195 4313 postulat.
1225 4228 1263 4297 st
1279 4227 1368 4302 euim

263 4348 479 4435 incipiendum
509 4356 602 4413 esset
636 4365 658 4409 a
688 4345 802 4411 verbis
837 4344 1006 4411 Nereidas
1030 4367 1109 4410 ocra
1139 4345 1260 4410 multas
1288 4347 1367 4413 ἢν.

263 4468 416 4555 prodidit,
450 4477 687 4553 expectaretur
713 4464 869 4553 profecto
897 4486 959 4530 seu
984 4461 1122 4530 verbum
1148 4486 1210 4531 seu
1232 4464 1367 4550 copula,

265 4606 366 4675 neque
385 4588 434 4655 ita
457 4586 643 4653 continuari
663 4582 782 4651 liceret
803 4584 1005 4649 orationem:
1026 4582 1197 4671 amabam
1218 4579 1367 4648 huam.
