3700 5625
717 589 819 658 niter
839 593 904 664 VI.
1304 597 1369 664 llo

338 778 422 844 Eam
444 779 606 846 rationem
633 779 667 845 in
692 779 927 846 enumerandis
953 780 1104 848 Arabiae
1131 779 1266 866 populis
1288 781 1325 850 b.
1341 780 1366 851 i.

262 897 402 982 sequitur
419 896 558 981 Plinius,
576 908 612 962 ut
630 907 748 982 gentes
770 898 893 982 primo,
915 899 1041 982 oppida
1058 909 1157 962 sexto
1179 918 1261 964 <nasu
1285 899 1367 965 indi·

261 1025 313 1080 eet
356 1013 521 1080 Scribere
541 1013 641 1100 igitur
660 1023 794 1098 oportet
815 1012 1220 1102 Baeuseamiltipbenrma
1241 1017 1365 1103 oppido,

259 1143 288 1197 ut
306 1133 416 1220 gentis
440 1143 543 1218 caput
564 1131 668 1196 fuisse
681 1131 896 1216 significetur.
910 1169 948 1182 -
969 1135 1003 1197 in
1022 1132 1088 1198 fine
1109 1135 1266 1200 enuntiati
1288 1158 1364 1219 pru·

260 1254 366 1317 denter
388 1253 524 1338 quidem
548 1250 694 1338 Siliigius
715 1251 914 1336 scripturam
936 1252 1109 1338 vulgarem
1131 1251 1363 1338 interpolatam

258 1391 326 1435 esse
348 1369 604 1453 animadvertit,
625 1367 704 1432 iltun
727 1379 837 1432 tamen
863 1368 1072 1433 manifestum
1094 1381 1158 1451 cst,
1180 1391 1280 1435 unum
1301 1395 1363 1457 po·

259 1487 358 1571 pulum
389 1487 591 1552 eiiciendum
620 1506 718 1566 esse,
751 1498 784 1552 et
813 1506 912 1573 quum
942 1487 974 1552 R
1001 1499 1035 1554 et
1063 1489 1086 1552 d
1112 1490 1145 1554 iu
1170 1489 1361 1556 universum

259 1607 463 1672 consentiant
490 1605 597 1690 (alter
609 1607 695 1674 anim
713 1607 814 1672 habet
836 1605 1022 1670 eimatoceis
1038 1607 1153 1695 oppido
1169 1607 1270 1673 oiode
1280 1613 1362 1674 Aui-

258 1724 314 1786 tari
331 1725 367 1786 iu
388 1723 572 1804 manibus,
605 1723 690 1795 alter
716 1724 876 1790 Etmateir
902 1725 1017 1812 oppido
1044 1725 1124 1789 code
1143 1727 1306 1793 Aiathuri
1324 1732 1361 1794 iu

257 1840 445 1925 uentibras),
473 1841 520 1906 ita
539 1841 689 1908 fortasse
708 1841 831 1908 Plinius
854 1843 1007 1930 scripsit:
1040 1843 1226 1910 Ebnatoeei
1245 1847 1360 1936 oppido

259 1957 368 2038 Oboda,
390 1958 553 2024 Aiathuri
578 1960 614 2022 in
634 1957 797 2024 montibus
826 1957 1151 2044 (contaminari
1178 1961 1299 2048 iegitur
1323 1968 1358 2032 in

256 2080 301 2161 o).
337 2077 563 2144 Helmodener
587 2079 673 2148 enim
704 2099 723 2148 e
750 2078 978 2164 dittogrnpbia
996 2080 1094 2148 vocis
1116 2079 1284 2146 umens·
1299 2104 1356 2150 or·

257 2205 301 2262 tos
322 2217 398 2264 essa
421 2209 576 2282 apparet.

326 2333 355 2419 §.
372 2331 447 2397 169.
472 2333 602 2396 insulae
623 2331 748 2398 Stenae
772 2332 868 2397 dirae
894 2333 1025 2400 divisim
1052 2335 1266 2401 scribendum
1292 2347 1356 2403 ast.

257 2448 348 2514 Stena
368 2451 459 2516 anim
482 2470 557 2516 oum
577 2450 804 2535 promontorio
815 2451 899 2516 Dira
921 2451 1100 2516 coniuncta
1120 2452 1356 2522 describuntur

258 2587 273 2630 a
292 2569 457 2636 Strabone
471 2569 561 2635 xvi.
576 2592 607 2654 p.
618 2569 692 2648 769,
717 2568 841 2636 Plinius
862 2581 974 2636 antem
995 2570 1214 2656 promontorii
1231 2592 1355 2640 nomen

258 2689 360 2752 eodem
382 2690 486 2754 modo
507 2689 550 2752 nd
570 2689 698 2754 insulas
710 2689 838 2754 vicinos
852 2690 1033 2771 transtulit,
1055 2712 1121 2776 quo
1132 2711 1235 2776 supra
1245 2693 1273 2779 §.
1283 2692 1355 2761 153.

258 2803 407 2891 Syagrum
437 2808 699 2890 promontorium
726 2818 760 2873 et
790 2807 822 2895 §.
839 2807 910 2875 155.
933 2808 1088 2894 Syagros
1117 2808 1227 2876 insuia
1253 2811 1354 2894 (nam

258 2937 334 2990 recta
354 2926 528 2991 Pintinnus
549 2924 595 2987 ita
617 2946 680 3008 pro
702 2922 846 3012 Sypuron
871 2925 972 3011 legit)
1002 2927 1222 2994 nominantur.
1270 2928 1354 2993 Mox

258 3042 298 3125 epi
314 3044 411 3106 Diues
434 3052 468 3107 et
486 3042 538 3128 epi
562 3038 686 3105 Tirenus
712 3060 821 3129 aeque
843 3042 1033 3110 dividantur
1059 3055 1202 3129 oportet
1250 3043 1352 3110 Gete-

257 3177 316 3221 rum
336 3161 412 3225 dum
430 3157 698 3238 Eratosthenem,
715 3158 1011 3241 Agatharchidem,
1034 3162 1077 3227 de
1098 3183 1164 3248 quo
1186 3160 1351 3227 Henricus

256 3274 370 3342 Frieten
396 3278 496 3341 docto
516 3272 627 3339 libello
650 3274 787 3339 Bonnne
812 3274 902 3341 1848.
924 3278 1011 3361 egit,
1035 3278 1160 3361 iubam,
1183 3278 1350 3362 Peripium

257 3395 340 3459 maris
350 3392 543 3480 Erythraei,
564 3390 648 3456 aiios
671 3390 834 3476 sequitur,
857 3414 1021 3477 perverso
1042 3396 1160 3461 ordine
1172 3395 1350 3484 Trogody-

258 3508 325 3578 tices
348 3526 383 3579 et
403 3514 556 3578 Ananiae
575 3530 669 3579 oram
692 3511 874 3596 descripsit
894 3512 1026 3585 Plinius.

653 3712 854 3807 171=2n
871 3712 932 3787 34.
1367 3757 1424 3822 14,

295 3865 398 3943 Haec
421 3874 480 3941 cst
511 3863 615 3965 regio
643 3863 807 3941 secundo
831 3864 1016 3941 volumine
1041 3888 1062 3937 a
1083 3862 1188 3938 nobis
1210 3864 1348 3964 signifi-

297 4012 390 4097 cata,
421 4001 460 4076 in
482 4025 554 4101 qua
575 4000 759 4077 XXXXV
781 4001 912 4077 diebus
935 4012 1019 4076 ante
1042 3998 1238 4074 solstitium
1264 3999 1348 4074 toti·

297 4136 447 4239 demque
481 4146 611 4237 postea
640 4138 732 4213 hora
760 4150 867 4214 sexta
898 4146 1164 4214 consumuntur
1195 4139 1346 4211 umbrae
1452 4158 1456 4163 ·

297 4280 330 4343 et
348 4272 384 4346 in
410 4273 601 4349 meridiem
631 4272 784 4371 reliquis
805 4273 908 4349 horis
931 4273 1080 4366 cadunt,
1109 4272 1245 4349 ceteris
1270 4273 1346 4350 die-

296 4406 358 4483 bus
379 4410 418 4487 in
439 4410 743 4510 septentrionem,
768 4436 851 4487 cum
871 4411 909 4485 in
932 4410 1118 4485 Berenice
1142 4434 1251 4509 quum
1272 4411 1346 4510 pri-

298 4564 382 4625 mum
402 4548 596 4649 posuimus
614 4548 697 4649 ipso
714 4548 776 4624 dia
788 4548 939 4630 solstitii
953 4556 1062 4625 sexta
1081 4549 1174 4625 hora
1193 4550 1346 4627 umbrae

1087 4681 1109 4746 8
1116 4686 1134 4725 ff
