<?xml version="1.0" encoding="UTF-8"?>
<!DOCTYPE html PUBLIC "-//W3C//DTD XHTML 1.0 Transitional//EN"
    "http://www.w3.org/TR/xhtml1/DTD/xhtml1-transitional.dtd">
<html xmlns="http://www.w3.org/1999/xhtml" xml:lang="en" lang="en">
 <head>
  <title>
</title>
<meta http-equiv="Content-Type" content="text/html;charset=utf-8" />
  <meta name='ocr-system' content='tesseract 3.04.00' />
  <meta name='ocr-capabilities' content='ocr_page ocr_carea ocr_par ocr_line ocrx_word'/>
</head>
<body>
  <div class='ocr_page' id='page_1' title='image "./vindiciaeplinia01urligoog_0143.png"; bbox 0 0 3700 5625; ppageno 0'>
   <div class='ocr_carea' id='block_1_1' title="bbox 714 563 1374 638">
    <p class='ocr_par' dir='ltr' id='par_1_1' title="bbox 714 563 1374 638">
     <span class='ocr_line' id='line_1_1' title="bbox 714 563 1374 638; baseline 0 -2"><span class='ocrx_word' id='word_1_1' title='bbox 714 563 815 636; x_wconf 68' lang='lat' dir='ltr'><strong>Mer</strong></span> <span class='ocrx_word' id='word_1_2' title='bbox 836 569 923 638; x_wconf 85' lang='lat' dir='ltr'><strong><em>VII.</em></strong></span> <span class='ocrx_word' id='word_1_3' title='bbox 1312 567 1374 636; x_wconf 82' lang='grc'><strong>131</strong></span> 
     </span>
    </p>
   </div>
   <div class='ocr_carea' id='block_1_2' title="bbox 309 752 1374 989">
    <p class='ocr_par' dir='ltr' id='par_1_2' title="bbox 309 752 1374 989">
     <span class='ocr_line' id='line_1_2' title="bbox 309 752 1374 856; baseline 0.002 -26"><span class='ocrx_word' id='word_1_4' title='bbox 309 752 418 852; x_wconf 71' lang='lat' dir='ltr'><strong>Gyge</strong></span> <span class='ocrx_word' id='word_1_5' title='bbox 434 775 527 852; x_wconf 83' lang='lat' dir='ltr'><strong>rege</strong></span> <span class='ocrx_word' id='word_1_6' title='bbox 550 761 637 828; x_wconf 89' lang='lat' dir='ltr'><strong>tunc</strong></span> <span class='ocrx_word' id='word_1_7' title='bbox 651 753 876 855; x_wconf 80' lang='lat' dir='ltr'><strong>amplissimo</strong></span> <span class='ocrx_word' id='word_1_8' title='bbox 891 765 1077 832; x_wconf 89' lang='lat' dir='ltr'><strong>terrarum</strong></span> <span class='ocrx_word' id='word_1_9' title='bbox 1091 755 1249 832; x_wconf 85' lang='lat' dir='ltr'><strong>consulti</strong></span> <span class='ocrx_word' id='word_1_10' title='bbox 1272 755 1374 856; x_wconf 79' lang='lat' dir='ltr'><strong>(dei)</strong></span> 
     </span>
     <span class='ocr_line' id='line_1_3' title="bbox 311 886 1088 989; baseline 0.001 -24"><span class='ocrx_word' id='word_1_11' title='bbox 311 889 465 989; x_wconf 81' lang='lat' dir='ltr'><strong>Aglaum</strong></span> <span class='ocrx_word' id='word_1_12' title='bbox 489 886 734 988; x_wconf 85' lang='lat' dir='ltr'><strong>Psophidium</strong></span> <span class='ocrx_word' id='word_1_13' title='bbox 762 915 846 964; x_wconf 86' lang='lat' dir='ltr'><strong>esse</strong></span> <span class='ocrx_word' id='word_1_14' title='bbox 872 889 1088 966; x_wconf 73' lang='lat' dir='ltr'><strong>feliciorem.</strong></span> 
     </span>
    </p>
   </div>
   <div class='ocr_carea' id='block_1_3' title="bbox 262 1054 1371 3395">
    <p class='ocr_par' dir='ltr' id='par_1_3' title="bbox 262 1054 1371 3263">
     <span class='ocr_line' id='line_1_4' title="bbox 340 1054 1371 1144; baseline 0.004 -24"><span class='ocrx_word' id='word_1_15' title='bbox 340 1056 521 1132; x_wconf 85' lang='lat' dir='ltr'><strong>Quomodo</strong></span> <span class='ocrx_word' id='word_1_16' title='bbox 532 1054 655 1120; x_wconf 87' lang='lat' dir='ltr'><strong>facturn</strong></span> <span class='ocrx_word' id='word_1_17' title='bbox 669 1055 713 1120; x_wconf 90' lang='lat' dir='ltr'><strong>sit</strong></span> <span class='ocrx_word' id='word_1_18' title='bbox 726 1066 761 1120; x_wconf 88' lang='lat' dir='ltr'><strong>ut</strong></span> <span class='ocrx_word' id='word_1_19' title='bbox 771 1054 867 1121; x_wconf 84' lang='lat' dir='ltr'><strong>Plinii</strong></span> <span class='ocrx_word' id='word_1_20' title='bbox 881 1068 1001 1122; x_wconf 89' lang='lat' dir='ltr'><strong>auctor</strong></span> <span class='ocrx_word' id='word_1_21' title='bbox 1011 1056 1142 1144; x_wconf 81' lang='lat' dir='ltr'><strong>Gygem</strong></span> <span class='ocrx_word' id='word_1_22' title='bbox 1153 1078 1217 1143; x_wconf 95' lang='lat' dir='ltr'><strong>pro</strong></span> <span class='ocrx_word' id='word_1_23' title='bbox 1229 1057 1371 1142; x_wconf 83' lang='lat' dir='ltr'><strong>Croeso,</strong></span> 
     </span>
     <span class='ocr_line' id='line_1_5' title="bbox 263 1173 1371 1262; baseline 0.002 -22"><span class='ocrx_word' id='word_1_24' title='bbox 263 1198 319 1262; x_wconf 92' lang='lat' dir='ltr'><strong>pro</strong></span> <span class='ocrx_word' id='word_1_25' title='bbox 335 1175 464 1242; x_wconf 88' lang='lat' dir='ltr'><strong>Solone</strong></span> <span class='ocrx_word' id='word_1_26' title='bbox 485 1173 673 1258; x_wconf 90' lang='lat' dir='ltr'><strong>Apollinem</strong></span> <span class='ocrx_word' id='word_1_27' title='bbox 696 1173 803 1259; x_wconf 91' lang='lat' dir='ltr'><strong>ipsum</strong></span> <span class='ocrx_word' id='word_1_28' title='bbox 824 1175 1029 1252; x_wconf 91' lang='lat' dir='ltr'><strong>nominaret,</strong></span> <span class='ocrx_word' id='word_1_29' title='bbox 1055 1186 1206 1240; x_wconf 90' lang='lat' dir='ltr'><strong>nostrum</strong></span> <span class='ocrx_word' id='word_1_30' title='bbox 1228 1196 1296 1240; x_wconf 89' lang='lat' dir='ltr'><strong>non</strong></span> <span class='ocrx_word' id='word_1_31' title='bbox 1317 1187 1371 1242; x_wconf 90' lang='lat' dir='ltr'><strong>est</strong></span> 
     </span>
     <span class='ocr_line' id='line_1_6' title="bbox 263 1290 1369 1379; baseline -0.001 -21"><span class='ocrx_word' id='word_1_32' title='bbox 263 1295 433 1379; x_wconf 85' lang='lat' dir='ltr'><strong>inquirere.</strong></span> <span class='ocrx_word' id='word_1_33' title='bbox 477 1290 693 1356; x_wconf 80' lang='lat' dir='ltr'><strong>Manifestum</strong></span> <span class='ocrx_word' id='word_1_34' title='bbox 719 1302 828 1355; x_wconf 91' lang='lat' dir='ltr'><strong>tamen</strong></span> <span class='ocrx_word' id='word_1_35' title='bbox 856 1301 908 1356; x_wconf 92' lang='lat' dir='ltr'><strong>est</strong></span> <span class='ocrx_word' id='word_1_36' title='bbox 931 1290 1049 1356; x_wconf 83' lang='lat' dir='ltr'><strong>Croesi</strong></span> <span class='ocrx_word' id='word_1_37' title='bbox 1075 1301 1219 1356; x_wconf 88' lang='lat' dir='ltr'><strong>aetatem</strong></span> <span class='ocrx_word' id='word_1_38' title='bbox 1247 1293 1369 1378; x_wconf 80' lang='lat' dir='ltr'><strong>signifi·</strong></span> 
     </span>
     <span class='ocr_line' id='line_1_7' title="bbox 263 1406 1369 1496; baseline 0.003 -22"><span class='ocrx_word' id='word_1_39' title='bbox 263 1411 347 1490; x_wconf 86' lang='lat' dir='ltr'><strong>cari,</strong></span> <span class='ocrx_word' id='word_1_40' title='bbox 375 1428 444 1496; x_wconf 88' lang='lat' dir='ltr'><strong>qua</strong></span> <span class='ocrx_word' id='word_1_41' title='bbox 465 1407 609 1492; x_wconf 80' lang='lat' dir='ltr'><strong>Aglaum</strong></span> <span class='ocrx_word' id='word_1_42' title='bbox 639 1407 766 1471; x_wconf 86' lang='lat' dir='ltr'><strong>vixisse</strong></span> <span class='ocrx_word' id='word_1_43' title='bbox 789 1406 976 1472; x_wconf 76' lang='lat' dir='ltr'><strong>Pausanias</strong></span> <span class='ocrx_word' id='word_1_44' title='bbox 1003 1407 1085 1472; x_wconf 84' lang='lat' dir='ltr'><strong>Vlll.</strong></span> <span class='ocrx_word' id='word_1_45' title='bbox 1110 1409 1165 1480; x_wconf 74' lang='lat' dir='ltr'><strong>tt.</strong></span> <span class='ocrx_word' id='word_1_46' title='bbox 1187 1411 1217 1476; x_wconf 86' lang='lat'><strong>7.</strong></span> <span class='ocrx_word' id='word_1_47' title='bbox 1245 1409 1369 1477; x_wconf 82' lang='lat' dir='ltr'><strong>refert:</strong></span> 
     </span>
     <span class='ocr_line' id='line_1_8' title="bbox 262 1523 1368 1616; baseline 0.004 -24"><span class='ocrx_word' id='word_1_48' title='bbox 262 1530 368 1616; x_wconf 85' lang='lat' dir='ltr'><strong>itaque</strong></span> <span class='ocrx_word' id='word_1_49' title='bbox 396 1546 495 1614; x_wconf 90' lang='lat' dir='ltr'><strong>quem</strong></span> <span class='ocrx_word' id='word_1_50' title='bbox 520 1527 655 1591; x_wconf 86' lang='lat' dir='ltr'><strong>Pedium</strong></span> <span class='ocrx_word' id='word_1_51' title='bbox 681 1523 844 1610; x_wconf 91' lang='lat' dir='ltr'><strong>appellari</strong></span> <span class='ocrx_word' id='word_1_52' title='bbox 866 1526 1018 1591; x_wconf 90' lang='lat' dir='ltr'><strong>videmus</strong></span> <span class='ocrx_word' id='word_1_53' title='bbox 1038 1526 1204 1596; x_wconf 86' lang='lat' dir='ltr'><strong>hominem</strong></span> <span class='ocrx_word' id='word_1_54' title='bbox 1226 1551 1368 1614; x_wconf 89' lang='lat' dir='ltr'><strong>prorsas</strong></span> 
     </span>
     <span class='ocr_line' id='line_1_9' title="bbox 263 1642 1368 1732; baseline 0 -20"><span class='ocrx_word' id='word_1_55' title='bbox 263 1652 421 1732; x_wconf 82' lang='lat' dir='ltr'><strong>ignotum,</strong></span> <span class='ocrx_word' id='word_1_56' title='bbox 449 1646 590 1711; x_wconf 88' lang='lat' dir='ltr'><strong>eundem</strong></span> <span class='ocrx_word' id='word_1_57' title='bbox 613 1665 754 1712; x_wconf 90' lang='lat' dir='ltr'><strong>esseae</strong></span> <span class='ocrx_word' id='word_1_58' title='bbox 776 1642 903 1710; x_wconf 86' lang='lat' dir='ltr'><strong>Tellum</strong></span> <span class='ocrx_word' id='word_1_59' title='bbox 925 1643 1167 1712; x_wconf 80' lang='lat' dir='ltr'><strong>Atheniensem</strong></span> <span class='ocrx_word' id='word_1_60' title='bbox 1192 1649 1235 1713; x_wconf 90' lang='lat' dir='ltr'><strong>ab</strong></span> <span class='ocrx_word' id='word_1_61' title='bbox 1260 1646 1368 1712; x_wconf 86' lang='lat' dir='ltr'><strong>llere-</strong></span> 
     </span>
     <span class='ocr_line' id='line_1_10' title="bbox 264 1763 1368 1850; baseline 0.003 -22"><span class='ocrx_word' id='word_1_62' title='bbox 264 1767 336 1831; x_wconf 86' lang='lat' dir='ltr'><strong>doto</strong></span> <span class='ocrx_word' id='word_1_63' title='bbox 358 1767 379 1830; x_wconf 95' lang='lat' dir='ltr'><strong>l.</strong></span> <span class='ocrx_word' id='word_1_64' title='bbox 403 1765 458 1833; x_wconf 86' lang='lat'><strong>30.</strong></span> <span class='ocrx_word' id='word_1_65' title='bbox 487 1765 656 1832; x_wconf 89' lang='lat' dir='ltr'><strong>laudatum</strong></span> <span class='ocrx_word' id='word_1_66' title='bbox 681 1767 747 1831; x_wconf 89' lang='lat' dir='ltr'><strong>iam</strong></span> <span class='ocrx_word' id='word_1_67' title='bbox 776 1763 948 1830; x_wconf 89' lang='lat' dir='ltr'><strong>Pintiauas</strong></span> <span class='ocrx_word' id='word_1_68' title='bbox 975 1767 1218 1832; x_wconf 88' lang='lat' dir='ltr'><strong>animadvertit.</strong></span> <span class='ocrx_word' id='word_1_69' title='bbox 1256 1764 1368 1850; x_wconf 82' lang='lat' dir='ltr'><strong>¹Uter·</strong></span> 
     </span>
     <span class='ocr_line' id='line_1_11' title="bbox 265 1884 1366 1969; baseline -0.002 -19"><span class='ocrx_word' id='word_1_70' title='bbox 265 1906 321 1969; x_wconf 87' lang='lat' dir='ltr'><strong>que</strong></span> <span class='ocrx_word' id='word_1_71' title='bbox 351 1885 438 1950; x_wconf 91' lang='lat' dir='ltr'><strong>enim</strong></span> <span class='ocrx_word' id='word_1_72' title='bbox 468 1906 533 1968; x_wconf 90' lang='lat' dir='ltr'><strong>pro</strong></span> <span class='ocrx_word' id='word_1_73' title='bbox 561 1886 669 1968; x_wconf 90' lang='lat' dir='ltr'><strong>patria</strong></span> <span class='ocrx_word' id='word_1_74' title='bbox 694 1885 900 1949; x_wconf 89' lang='lat' dir='ltr'><strong>occubuerat</strong></span> <span class='ocrx_word' id='word_1_75' title='bbox 931 1895 966 1948; x_wconf 91' lang='lat' dir='ltr'><strong>et</strong></span> <span class='ocrx_word' id='word_1_76' title='bbox 994 1885 1127 1969; x_wconf 87' lang='lat' dir='ltr'><strong>quidem</strong></span> <span class='ocrx_word' id='word_1_77' title='bbox 1155 1884 1306 1968; x_wconf 80' lang='lat' dir='ltr'><strong>proxime</strong></span> <span class='ocrx_word' id='word_1_78' title='bbox 1332 1884 1366 1948; x_wconf 93' lang='lat' dir='ltr'><strong>in</strong></span> 
     </span>
     <span class='ocr_line' id='line_1_12' title="bbox 264 2001 1367 2087; baseline 0.001 -21"><span class='ocrx_word' id='word_1_79' title='bbox 264 2022 368 2087; x_wconf 86' lang='lat' dir='ltr'><strong>pugna</strong></span> <span class='ocrx_word' id='word_1_80' title='bbox 400 2004 443 2068; x_wconf 91' lang='lat' dir='ltr'><strong>ad</strong></span> <span class='ocrx_word' id='word_1_81' title='bbox 467 2003 658 2071; x_wconf 85' lang='lat' dir='ltr'><strong>Eleusinem</strong></span> <span class='ocrx_word' id='word_1_82' title='bbox 687 2003 867 2068; x_wconf 85' lang='lat' dir='ltr'><strong>commissa</strong></span> <span class='ocrx_word' id='word_1_83' title='bbox 896 2023 972 2067; x_wconf 88' lang='lat' dir='ltr'><strong>cum</strong></span> <span class='ocrx_word' id='word_1_84' title='bbox 998 2001 1111 2067; x_wconf 88' lang='lat' dir='ltr'><strong>fausto</strong></span> <span class='ocrx_word' id='word_1_85' title='bbox 1136 2001 1214 2067; x_wconf 90' lang='lat' dir='ltr'><strong>belli</strong></span> <span class='ocrx_word' id='word_1_86' title='bbox 1238 2002 1367 2068; x_wconf 86' lang='lat' dir='ltr'><strong>Solone</strong></span> 
     </span>
     <span class='ocr_line' id='line_1_13' title="bbox 264 2118 1368 2204; baseline 0.004 -22"><span class='ocrx_word' id='word_1_87' title='bbox 264 2132 393 2186; x_wconf 90' lang='lat' dir='ltr'><strong>auctore</strong></span> <span class='ocrx_word' id='word_1_88' title='bbox 414 2131 536 2184; x_wconf 88' lang='lat' dir='ltr'><strong>contra</strong></span> <span class='ocrx_word' id='word_1_89' title='bbox 557 2119 781 2204; x_wconf 79' lang='lat' dir='ltr'><strong>Megarenses</strong></span> <span class='ocrx_word' id='word_1_90' title='bbox 807 2119 849 2184; x_wconf 94' lang='lat' dir='ltr'><strong>de</strong></span> <span class='ocrx_word' id='word_1_91' title='bbox 878 2118 1049 2184; x_wconf 88' lang='lat' dir='ltr'><strong>Salamine</strong></span> <span class='ocrx_word' id='word_1_92' title='bbox 1077 2118 1186 2184; x_wconf 90' lang='lat' dir='ltr'><strong>insula</strong></span> <span class='ocrx_word' id='word_1_93' title='bbox 1213 2122 1368 2204; x_wconf 89' lang='lat' dir='ltr'><strong>suseepti</strong></span> 
     </span>
     <span class='ocr_line' id='line_1_14' title="bbox 264 2237 1365 2325; baseline 0.003 -23"><span class='ocrx_word' id='word_1_94' title='bbox 264 2248 377 2303; x_wconf 85' lang='lat' dir='ltr'><strong>eventu</strong></span> <span class='ocrx_word' id='word_1_95' title='bbox 399 2238 588 2303; x_wconf 89' lang='lat' dir='ltr'><strong>coniuncta.</strong></span> <span class='ocrx_word' id='word_1_96' title='bbox 631 2239 749 2325; x_wconf 90' lang='lat' dir='ltr'><strong>Neque</strong></span> <span class='ocrx_word' id='word_1_97' title='bbox 767 2248 878 2304; x_wconf 86' lang='lat' dir='ltr'><strong>tamen</strong></span> <span class='ocrx_word' id='word_1_98' title='bbox 894 2260 925 2304; x_wconf 87' lang='lat' dir='ltr'><strong>v.</strong></span> <span class='ocrx_word' id='word_1_99' title='bbox 939 2238 1079 2302; x_wconf 77' lang='lat' dir='ltr'><strong>Perlinm</strong></span> <span class='ocrx_word' id='word_1_100' title='bbox 1095 2239 1128 2304; x_wconf 93' lang='lat' dir='ltr'><strong>in</strong></span> <span class='ocrx_word' id='word_1_101' title='bbox 1148 2237 1274 2302; x_wconf 72' lang='lat' dir='ltr'><strong>tetam</strong></span> <span class='ocrx_word' id='word_1_102' title='bbox 1296 2261 1365 2305; x_wconf 91' lang='lat' dir='ltr'><strong>mu·</strong></span> 
     </span>
     <span class='ocr_line' id='line_1_15' title="bbox 264 2354 1365 2442; baseline 0.005 -24"><span class='ocrx_word' id='word_1_103' title='bbox 264 2356 389 2419; x_wconf 90' lang='lat' dir='ltr'><strong>tandum</strong></span> <span class='ocrx_word' id='word_1_104' title='bbox 422 2365 492 2432; x_wconf 90' lang='lat' dir='ltr'><strong>est,</strong></span> <span class='ocrx_word' id='word_1_105' title='bbox 523 2355 647 2440; x_wconf 91' lang='lat' dir='ltr'><strong>quippe</strong></span> <span class='ocrx_word' id='word_1_106' title='bbox 673 2356 761 2440; x_wconf 91' lang='lat' dir='ltr'><strong>quod</strong></span> <span class='ocrx_word' id='word_1_107' title='bbox 785 2356 828 2420; x_wconf 86' lang='lat' dir='ltr'><strong>ad</strong></span> <span class='ocrx_word' id='word_1_108' title='bbox 852 2357 913 2420; x_wconf 91' lang='lat' dir='ltr'><strong>viri</strong></span> <span class='ocrx_word' id='word_1_109' title='bbox 934 2354 1105 2421; x_wconf 87' lang='lat' dir='ltr'><strong>fortissimi</strong></span> <span class='ocrx_word' id='word_1_110' title='bbox 1126 2358 1267 2441; x_wconf 90' lang='lat' dir='ltr'><strong>patriam</strong></span> <span class='ocrx_word' id='word_1_111' title='bbox 1289 2379 1365 2442; x_wconf 90' lang='lat' dir='ltr'><strong>spe·</strong></span> 
     </span>
     <span class='ocr_line' id='line_1_16' title="bbox 264 2473 1364 2559; baseline 0.005 -23"><span class='ocrx_word' id='word_1_112' title='bbox 264 2484 347 2540; x_wconf 88' lang='lat' dir='ltr'><strong>ctare</strong></span> <span class='ocrx_word' id='word_1_113' title='bbox 367 2474 533 2539; x_wconf 88' lang='lat' dir='ltr'><strong>videatur.</strong></span> <span class='ocrx_word' id='word_1_114' title='bbox 580 2478 697 2548; x_wconf 78' lang='grc' dir='ltr'><strong><em>Πεδιεῖς</em></strong></span> <span class='ocrx_word' id='word_1_115' title='bbox 720 2474 805 2538; x_wconf 92' lang='lat' dir='ltr'><strong>enim</strong></span> <span class='ocrx_word' id='word_1_116' title='bbox 827 2491 967 2557; x_wconf 87' lang='lat' dir='ltr'><strong>campos</strong></span> <span class='ocrx_word' id='word_1_117' title='bbox 985 2473 1029 2537; x_wconf 91' lang='lat' dir='ltr'><strong>ab</strong></span> <span class='ocrx_word' id='word_1_118' title='bbox 1050 2474 1134 2538; x_wconf 90' lang='lat' dir='ltr'><strong>urbe</strong></span> <span class='ocrx_word' id='word_1_119' title='bbox 1155 2474 1364 2559; x_wconf 80' lang='lat' dir='ltr'><strong>Megaridem</strong></span> 
     </span>
     <span class='ocr_line' id='line_1_17' title="bbox 264 2587 1364 2676; baseline 0.005 -22"><span class='ocrx_word' id='word_1_120' title='bbox 264 2611 373 2660; x_wconf 85' lang='lat' dir='ltr'><strong>versus</strong></span> <span class='ocrx_word' id='word_1_121' title='bbox 396 2592 480 2654; x_wconf 88' lang='lat' dir='ltr'><strong>sitos</strong></span> <span class='ocrx_word' id='word_1_122' title='bbox 501 2587 684 2654; x_wconf 88' lang='lat' dir='ltr'><strong>incoluisse</strong></span> <span class='ocrx_word' id='word_1_123' title='bbox 706 2599 854 2672; x_wconf 88' lang='lat' dir='ltr'><strong>constat,</strong></span> <span class='ocrx_word' id='word_1_124' title='bbox 884 2587 929 2657; x_wconf 89' lang='lat' dir='ltr'><strong>ef.</strong></span> <span class='ocrx_word' id='word_1_125' title='bbox 953 2589 1106 2676; x_wconf 84' lang='lat' dir='ltr'><strong>Tlrucyd.</strong></span> <span class='ocrx_word' id='word_1_126' title='bbox 1125 2592 1149 2656; x_wconf 91' lang='lat'><strong>1.</strong></span> <span class='ocrx_word' id='word_1_127' title='bbox 1165 2591 1217 2660; x_wconf 79' lang='lat'><strong>55.</strong></span> <span class='ocrx_word' id='word_1_128' title='bbox 1232 2593 1274 2660; x_wconf 86' lang='lat' dir='ltr'><strong>al.</strong></span> <span class='ocrx_word' id='word_1_129' title='bbox 1316 2595 1364 2660; x_wconf 94' lang='lat' dir='ltr'><strong>lbi</strong></span> 
     </span>
     <span class='ocr_line' id='line_1_18' title="bbox 263 2705 1363 2802; baseline 0.009 -33"><span class='ocrx_word' id='word_1_130' title='bbox 263 2707 351 2790; x_wconf 79' lang='lat' dir='ltr'><strong>igitur</strong></span> <span class='ocrx_word' id='word_1_131' title='bbox 363 2726 438 2772; x_wconf 87' lang='lat' dir='ltr'><strong>curn</strong></span> <span class='ocrx_word' id='word_1_132' title='bbox 450 2705 665 2772; x_wconf 86' lang='lat' dir='ltr'><strong>nobilissimis</strong></span> <span class='ocrx_word' id='word_1_133' title='bbox 676 2708 805 2773; x_wconf 86' lang='lat' dir='ltr'><strong>civibus</strong></span> <span class='ocrx_word' id='word_1_134' title='bbox 821 2707 881 2792; x_wconf 86' lang='lat' dir='ltr'><strong>(cf.</strong></span> <span class='ocrx_word' id='word_1_135' title='bbox 892 2708 1020 2778; x_wconf 89' lang='lat' dir='ltr'><strong>Herod.</strong></span> <span class='ocrx_word' id='word_1_136' title='bbox 1029 2711 1054 2775; x_wconf 91' lang='lat' dir='ltr'><strong>l.</strong></span> <span class='ocrx_word' id='word_1_137' title='bbox 1063 2710 1116 2794; x_wconf 83' lang='lat'><strong>59,</strong></span> <span class='ocrx_word' id='word_1_138' title='bbox 1127 2710 1212 2776; x_wconf 91' lang='lat' dir='ltr'><strong>Plut.</strong></span> <span class='ocrx_word' id='word_1_139' title='bbox 1226 2712 1297 2778; x_wconf 86' lang='lat' dir='ltr'><strong>sol.</strong></span> <span class='ocrx_word' id='word_1_140' title='bbox 1306 2713 1363 2802; x_wconf 84' lang='lat'><strong>13)</strong></span> 
     </span>
     <span class='ocr_line' id='line_1_19' title="bbox 265 2822 1363 2915; baseline 0.011 -28"><span class='ocrx_word' id='word_1_141' title='bbox 265 2822 367 2890; x_wconf 86' lang='lat' dir='ltr'><strong>&#39;lellus</strong></span> <span class='ocrx_word' id='word_1_142' title='bbox 397 2823 570 2889; x_wconf 88' lang='lat' dir='ltr'><strong>habitasse</strong></span> <span class='ocrx_word' id='word_1_143' title='bbox 599 2837 700 2911; x_wconf 90' lang='lat' dir='ltr'><strong>atque</strong></span> <span class='ocrx_word' id='word_1_144' title='bbox 729 2826 806 2891; x_wconf 93' lang='lat' dir='ltr'><strong>inde</strong></span> <span class='ocrx_word' id='word_1_145' title='bbox 834 2828 878 2891; x_wconf 92' lang='lat' dir='ltr'><strong>ad</strong></span> <span class='ocrx_word' id='word_1_146' title='bbox 900 2828 1063 2913; x_wconf 90' lang='lat' dir='ltr'><strong>proelium</strong></span> <span class='ocrx_word' id='word_1_147' title='bbox 1088 2829 1260 2915; x_wconf 77' lang='lat' dir='ltr'><strong>profectas</strong></span> <span class='ocrx_word' id='word_1_148' title='bbox 1282 2851 1363 2899; x_wconf 84' lang='lat' dir='ltr'><strong>esse</strong></span> 
     </span>
     <span class='ocr_line' id='line_1_20' title="bbox 265 2941 1363 3032; baseline 0.009 -29"><span class='ocrx_word' id='word_1_149' title='bbox 265 2944 419 3023; x_wconf 90' lang='lat' dir='ltr'><strong>putandus</strong></span> <span class='ocrx_word' id='word_1_150' title='bbox 441 2956 503 3009; x_wconf 85' lang='lat' dir='ltr'><strong>est.</strong></span> <span class='ocrx_word' id='word_1_151' title='bbox 545 2941 700 3027; x_wconf 82' lang='lat' dir='ltr'><strong>Apparet</strong></span> <span class='ocrx_word' id='word_1_152' title='bbox 719 2942 818 3027; x_wconf 79' lang='lat' dir='ltr'><strong>igitur</strong></span> <span class='ocrx_word' id='word_1_153' title='bbox 841 2952 898 3007; x_wconf 90' lang='lat' dir='ltr'><strong>aut</strong></span> <span class='ocrx_word' id='word_1_154' title='bbox 917 2944 1057 3007; x_wconf 76' lang='lat' dir='ltr'><strong>Pedium</strong></span> <span class='ocrx_word' id='word_1_155' title='bbox 1077 2947 1150 3013; x_wconf 89' lang='lat' dir='ltr'><strong>sive</strong></span> <span class='ocrx_word' id='word_1_156' title='bbox 1172 2948 1284 3032; x_wconf 89' lang='lat' dir='ltr'><strong>potius</strong></span> <span class='ocrx_word' id='word_1_157' title='bbox 1302 2949 1363 3013; x_wconf 88' lang='lat' dir='ltr'><strong>Pe·</strong></span> 
     </span>
     <span class='ocr_line' id='line_1_21' title="bbox 264 3057 1361 3153; baseline 0.013 -34"><span class='ocrx_word' id='word_1_158' title='bbox 264 3057 383 3121; x_wconf 80' lang='lat' dir='ltr'><strong>diaenm</strong></span> <span class='ocrx_word' id='word_1_159' title='bbox 405 3060 447 3123; x_wconf 94' lang='lat' dir='ltr'><strong>ab</strong></span> <span class='ocrx_word' id='word_1_160' title='bbox 464 3058 604 3125; x_wconf 92' lang='lat' dir='ltr'><strong>oraculo</strong></span> <span class='ocrx_word' id='word_1_161' title='bbox 618 3060 797 3125; x_wconf 84' lang='lat' dir='ltr'><strong>obscurius</strong></span> <span class='ocrx_word' id='word_1_162' title='bbox 817 3070 975 3145; x_wconf 85' lang='lat' dir='ltr'><strong>vocatum</strong></span> <span class='ocrx_word' id='word_1_163' title='bbox 988 3083 1065 3129; x_wconf 90' lang='lat' dir='ltr'><strong>esse</strong></span> <span class='ocrx_word' id='word_1_164' title='bbox 1082 3075 1140 3129; x_wconf 87' lang='lat' dir='ltr'><strong>aut</strong></span> <span class='ocrx_word' id='word_1_165' title='bbox 1160 3066 1251 3153; x_wconf 88' lang='lat' dir='ltr'><strong>quod</strong></span> <span class='ocrx_word' id='word_1_166' title='bbox 1271 3068 1361 3152; x_wconf 86' lang='lat' dir='ltr'><strong>equi·</strong></span> 
     </span>
     <span class='ocr_line' id='line_1_22' title="bbox 265 3176 919 3263; baseline 0.005 -24"><span class='ocrx_word' id='word_1_167' title='bbox 265 3178 329 3241; x_wconf 88' lang='lat' dir='ltr'><strong>dem</strong></span> <span class='ocrx_word' id='word_1_168' title='bbox 351 3177 568 3263; x_wconf 90' lang='lat' dir='ltr'><strong>praetulerim</strong></span> <span class='ocrx_word' id='word_1_169' title='bbox 587 3176 798 3243; x_wconf 86' lang='lat' dir='ltr'><strong>scribendum</strong></span> <span class='ocrx_word' id='word_1_170' title='bbox 822 3196 919 3242; x_wconf 78' lang='lat' dir='ltr'><strong>esser</strong></span> 
     </span>
    </p>

    <p class='ocr_par' dir='ltr' id='par_1_4' title="bbox 609 3294 1002 3395">
     <span class='ocr_line' id='line_1_23' title="bbox 609 3294 1002 3395; baseline 0.01 -37"><span class='ocrx_word' id='word_1_171' title='bbox 609 3294 757 3362; x_wconf 81' lang='lat' dir='ltr'><strong>Tellum</strong></span> <span class='ocrx_word' id='word_1_172' title='bbox 777 3295 1002 3395; x_wconf 70' lang='lat' dir='ltr'><strong>Pedioeasm.</strong></span> 
     </span>
    </p>
   </div>
   <div class='ocr_carea' id='block_1_4' title="bbox 666 3462 1441 3559">
    <p class='ocr_par' dir='ltr' id='par_1_5' title="bbox 666 3462 1441 3559">
     <span class='ocr_line' id='line_1_24' title="bbox 666 3462 1441 3559; baseline 0.003 -22"><span class='ocrx_word' id='word_1_173' title='bbox 666 3462 867 3559; x_wconf 79' lang='lat'>154=48,</span> <span class='ocrx_word' id='word_1_174' title='bbox 882 3464 944 3540; x_wconf 87' lang='grc'><strong>49.</strong></span> <span class='ocrx_word' id='word_1_175' title='bbox 1379 3492 1441 3558; x_wconf 72' lang='lat'><strong>134</strong></span> 
     </span>
    </p>
   </div>
   <div class='ocr_carea' id='block_1_5' title="bbox 305 3611 1360 4118">
    <p class='ocr_par' dir='ltr' id='par_1_6' title="bbox 305 3611 1360 4118">
     <span class='ocr_line' id='line_1_25' title="bbox 306 3611 1359 3720; baseline 0.006 -31"><span class='ocrx_word' id='word_1_176' title='bbox 306 3611 521 3689; x_wconf 87' lang='lat' dir='ltr'><strong>Hellanicus</strong></span> <span class='ocrx_word' id='word_1_177' title='bbox 557 3612 733 3714; x_wconf 90' lang='lat' dir='ltr'><strong>quosdam</strong></span> <span class='ocrx_word' id='word_1_178' title='bbox 766 3616 803 3689; x_wconf 93' lang='lat' dir='ltr'><strong>in</strong></span> <span class='ocrx_word' id='word_1_179' title='bbox 839 3615 987 3692; x_wconf 89' lang='lat' dir='ltr'><strong>Aetolia</strong></span> <span class='ocrx_word' id='word_1_180' title='bbox 1017 3616 1199 3719; x_wconf 85' lang='lat' dir='ltr'><strong>Epiorum</strong></span> <span class='ocrx_word' id='word_1_181' title='bbox 1239 3620 1359 3720; x_wconf 76' lang='lat' dir='ltr'><strong>gentis</strong></span> 
     </span>
     <span class='ocr_line' id='line_1_26' title="bbox 306 3748 1360 3851; baseline 0.007 -28"><span class='ocrx_word' id='word_1_182' title='bbox 306 3750 366 3824; x_wconf 79' lang='lat' dir='ltr'><strong>OG</strong></span> <span class='ocrx_word' id='word_1_183' title='bbox 393 3750 560 3851; x_wconf 81' lang='lat' dir='ltr'><strong>(aanor)</strong></span> <span class='ocrx_word' id='word_1_184' title='bbox 587 3748 760 3849; x_wconf 87' lang='lat' dir='ltr'><strong>explere,</strong></span> <span class='ocrx_word' id='word_1_185' title='bbox 796 3751 856 3827; x_wconf 91' lang='lat' dir='ltr'><strong>cui</strong></span> <span class='ocrx_word' id='word_1_186' title='bbox 887 3750 1131 3851; x_wconf 89' lang='lat' dir='ltr'><strong>adstipulatur</strong></span> <span class='ocrx_word' id='word_1_187' title='bbox 1161 3753 1360 3830; x_wconf 88' lang='lat' dir='ltr'><strong>Damastes</strong></span> 
     </span>
     <span class='ocr_line' id='line_1_27' title="bbox 306 3876 1359 3989; baseline 0.006 -30"><span class='ocrx_word' id='word_1_188' title='bbox 306 3876 509 3960; x_wconf 80' lang='lat' dir='ltr'><strong>memordus</strong></span> <span class='ocrx_word' id='word_1_189' title='bbox 526 3883 796 3961; x_wconf 86' lang='lat' dir='ltr'><strong>Pictoreum</strong></span> <span class='ocrx_word' id='word_1_190' title='bbox 819 3911 868 3961; x_wconf 85' lang='lat' dir='ltr'><strong>ex</strong></span> <span class='ocrx_word' id='word_1_191' title='bbox 884 3885 931 3961; x_wconf 93' lang='lat' dir='ltr'><strong>iis</strong></span> <span class='ocrx_word' id='word_1_192' title='bbox 944 3887 1187 3989; x_wconf 88' lang='lat' dir='ltr'><strong>praecipuum</strong></span> <span class='ocrx_word' id='word_1_193' title='bbox 1201 3913 1359 3989; x_wconf 88' lang='lat' dir='ltr'><strong>corpora</strong></span> 
     </span>
     <span class='ocr_line' id='line_1_28' title="bbox 305 4018 959 4118; baseline 0 -23"><span class='ocrx_word' id='word_1_194' title='bbox 305 4020 515 4118; x_wconf 81' lang='lat' dir='ltr'><strong>viribusque</strong></span> <span class='ocrx_word' id='word_1_195' title='bbox 543 4018 653 4093; x_wconf 90' lang='lat' dir='ltr'><strong>etiam</strong></span> <span class='ocrx_word' id='word_1_196' title='bbox 680 4020 779 4095; x_wconf 82' lang='lat' dir='ltr'><strong>GGG</strong></span> <span class='ocrx_word' id='word_1_197' title='bbox 805 4020 959 4101; x_wconf 79' lang='lat' dir='ltr'><strong>vixisse.</strong></span> 
     </span>
    </p>
   </div>
   <div class='ocr_carea' id='block_1_6' title="bbox 201 4168 1360 4607">
    <p class='ocr_par' dir='ltr' id='par_1_7' title="bbox 264 4168 1360 4497">
     <span class='ocr_line' id='line_1_29' title="bbox 334 4168 1360 4256; baseline 0.006 -21"><span class='ocrx_word' id='word_1_198' title='bbox 334 4170 432 4255; x_wconf 92' lang='lat' dir='ltr'><strong>Apud</strong></span> <span class='ocrx_word' id='word_1_199' title='bbox 455 4168 627 4234; x_wconf 91' lang='lat' dir='ltr'><strong>Valerium</strong></span> <span class='ocrx_word' id='word_1_200' title='bbox 649 4168 829 4235; x_wconf 85' lang='lat' dir='ltr'><strong>Maximum</strong></span> <span class='ocrx_word' id='word_1_201' title='bbox 851 4170 936 4238; x_wconf 85' lang='lat' dir='ltr'><strong>Vlll.</strong></span> <span class='ocrx_word' id='word_1_202' title='bbox 954 4170 1003 4237; x_wconf 81' lang='lat'><strong>13.</strong></span> <span class='ocrx_word' id='word_1_203' title='bbox 1027 4171 1060 4256; x_wconf 88' lang='grc'><strong>6,</strong></span> <span class='ocrx_word' id='word_1_204' title='bbox 1079 4172 1176 4237; x_wconf 88' lang='lat' dir='ltr'><strong>cuius</strong></span> <span class='ocrx_word' id='word_1_205' title='bbox 1194 4177 1360 4242; x_wconf 49' lang='lat' dir='ltr'><strong>narratio&amp;</strong></span> 
     </span>
     <span class='ocr_line' id='line_1_30' title="bbox 264 4286 1359 4371; baseline 0.009 -23"><span class='ocrx_word' id='word_1_206' title='bbox 264 4303 326 4351; x_wconf 87' lang='lat' dir='ltr'><strong>nem</strong></span> <span class='ocrx_word' id='word_1_207' title='bbox 348 4286 471 4353; x_wconf 87' lang='lat' dir='ltr'><strong>Plinius</strong></span> <span class='ocrx_word' id='word_1_208' title='bbox 493 4287 694 4370; x_wconf 84' lang='lat' dir='ltr'><strong>exscripsit,</strong></span> <span class='ocrx_word' id='word_1_209' title='bbox 724 4286 910 4365; x_wconf 73' lang='lat' dir='ltr'><strong>„Litorim</strong></span> <span class='ocrx_word' id='word_1_210' title='bbox 931 4288 1096 4371; x_wconf 87' lang='lat' dir='ltr'><strong>quendam</strong></span> <span class='ocrx_word' id='word_1_211' title='bbox 1117 4310 1161 4355; x_wconf 80' lang='lat' dir='ltr'><strong>ex</strong></span> <span class='ocrx_word' id='word_1_212' title='bbox 1182 4290 1235 4357; x_wconf 91' lang='lat' dir='ltr'><strong>his</strong></span> <span class='ocrx_word' id='word_1_213' title='bbox 1256 4295 1359 4359; x_wconf 83' lang='lat' dir='ltr'><strong>maxi·</strong></span> 
     </span>
     <span class='ocr_line' id='line_1_31' title="bbox 264 4404 1360 4497; baseline 0.012 -32"><span class='ocrx_word' id='word_1_214' title='bbox 264 4420 375 4471; x_wconf 87' lang='lat' dir='ltr'><strong>uarum</strong></span> <span class='ocrx_word' id='word_1_215' title='bbox 394 4404 512 4469; x_wconf 87' lang='lat' dir='ltr'><strong>virium</strong></span> <span class='ocrx_word' id='word_1_216' title='bbox 534 4415 751 4490; x_wconf 88' lang='lat' dir='ltr'><strong>staturaeque</strong></span> <span class='ocrx_word' id='word_1_217' title='bbox 774 4404 1010 4489; x_wconf 83' lang='lat' dir='ltr'><strong>praecipuae“</strong></span> <span class='ocrx_word' id='word_1_218' title='bbox 1037 4408 1246 4475; x_wconf 80' lang='lat' dir='ltr'><strong>nominatum.</strong></span> <span class='ocrx_word' id='word_1_219' title='bbox 1262 4432 1360 4497; x_wconf 65' lang='lat' dir='ltr'><strong>repe„</strong></span> 
     </span>
    </p>

    <p class='ocr_par' dir='ltr' id='par_1_8' title="bbox 201 4518 1359 4607">
     <span class='ocr_line' id='line_1_32' title="bbox 201 4518 1359 4607; baseline 0.009 -23"><span class='ocrx_word' id='word_1_220' title='bbox 201 4572 202 4579; x_wconf 66' lang='grc'>,</span> <span class='ocrx_word' id='word_1_221' title='bbox 263 4518 367 4607; x_wconf 77' lang='lat' dir='ltr'><strong>umas,</strong></span> <span class='ocrx_word' id='word_1_222' title='bbox 393 4524 428 4589; x_wconf 90' lang='lat' dir='ltr'><strong>iu</strong></span> <span class='ocrx_word' id='word_1_223' title='bbox 450 4520 546 4587; x_wconf 85' lang='lat' dir='ltr'><strong>Plinii</strong></span> <span class='ocrx_word' id='word_1_224' title='bbox 574 4522 672 4589; x_wconf 86' lang='lat' dir='ltr'><strong>codd.</strong></span> <span class='ocrx_word' id='word_1_225' title='bbox 696 4520 747 4587; x_wconf 82' lang='lat' dir='ltr'><strong>&#39;ld</strong></span> <span class='ocrx_word' id='word_1_226' title='bbox 768 4520 966 4601; x_wconf 71' lang='lat' dir='ltr'><strong>Platorium,</strong></span> <span class='ocrx_word' id='word_1_227' title='bbox 995 4525 1184 4593; x_wconf 85' lang='lat' dir='ltr'><strong>nominibus</strong></span> <span class='ocrx_word' id='word_1_228' title='bbox 1206 4530 1359 4601; x_wconf 81' lang='lat' dir='ltr'><strong>omnihus</strong></span> 
     </span>
    </p>
   </div>
   <div class='ocr_carea' id='block_1_7' title="bbox 1104 4639 1247 4725">
    <p class='ocr_par' dir='ltr' id='par_1_9' title="bbox 1104 4639 1247 4725">
     <span class='ocr_line' id='line_1_33' title="bbox 1104 4639 1247 4725; baseline 0 -78"><span class='ocrx_word' id='word_1_229' title='bbox 1104 4639 1247 4725; x_wconf 46' lang='lat' dir='ltr'><strong>w.</strong></span> 
     </span>
    </p>
   </div>
   <div class='ocr_carea' id='block_1_8' title="bbox 0 0 1855 5625">
    <p class='ocr_par' dir='ltr' id='par_1_10' title="bbox 0 0 1855 5625">
     <span class='ocr_line' id='line_1_34' title="bbox 0 0 1855 5625; baseline 0 0"><span class='ocrx_word' id='word_1_230' title='bbox 0 0 1855 5625; x_wconf 95' lang='lat' dir='ltr'><strong> </strong></span> 
     </span>
    </p>
   </div>
  </div>
 </body>
</html>
