3700 5625
684 583 786 652 coo
806 585 895 654 VII.
1282 581 1346 648 125

243 770 345 856 aliquo
367 788 536 838 successu
556 770 834 850 intumescerent,
863 789 902 837 se
930 771 1026 854 ipsos
1050 789 1115 854 pro
1143 769 1216 834 deis
1240 767 1345 834 habe·

244 889 324 953 bant.
370 887 515 952 Tumens
534 888 620 956 enim
639 909 716 956 cum
737 889 824 958 Rcb.
844 890 1041 956 restituatur
1061 908 1148 972 opus
1167 899 1233 968 est,
1255 890 1346 974 quod

244 1004 353 1070 lineola
370 1006 449 1072 voci
473 991 581 1072 tumes
603 1006 759 1093 imposito
781 1016 1010 1074 evanescente
1021 1007 1055 1071 in
1069 1007 1253 1072 secundam
1265 1025 1345 1092 per·

244 1144 350 1190 sonam
373 1124 647 1192 transformatum
660 1135 726 1195 est.
761 1125 829 1190 lam
852 1146 894 1191 en
915 1125 975 1190 tibi
997 1134 1213 1210 personatum
1235 1124 1345 1192 iocum

244 1245 346 1312 adhuc
369 1265 390 1310 a
412 1245 545 1310 nemine
567 1245 784 1311 intellectum.

688 1361 888 1457 m=uc
1361 1367 1425 1435 rm

286 1497 509 1600 (Agrippa)
540 1497 696 1574 adversa
719 1491 1101 1596 pedemontanam,
1130 1494 1267 1570 misera
1287 1494 1344 1571 iu-

284 1644 403 1729 venta,
421 1633 589 1710 exercito
611 1659 703 1710 aevo
729 1633 827 1709 inter
848 1657 949 1708 orma
971 1644 1206 1732 mortesque
1232 1636 1355 1710 obno-¹

285 1770 346 1846 xio
369 1794 538 1865 accessu,
559 1767 698 1844 infelici
718 1767 830 1844 terris
853 1767 1030 1869 stirpe...
1052 1771 1344 1868 praetereabre-

285 1907 398 1982 vitate
426 1903 529 2000 aevi,
563 1902 865 2003 quinquagesimo
895 1927 969 1978 uno
1004 1912 1132 2002 raptus
1163 1928 1258 1979 anno

284 2041 396 2116 luisse
419 2036 612 2139 augurium
638 2036 874 2138 praeposteri
894 2037 1025 2114 natam
1049 2037 1292 2116 existimatur.

316 2175 427 2242 Recte
456 2173 604 2260 Siliigius
630 2174 844 2241 coniecturas
870 2173 1074 2252 avuou.
1101 2173 1255 2258 prolatas
1281 2176 1344 2240 im-

245 2295 387 2376 probavit
409 2306 444 2360 et
465 2314 485 2359 e
507 2294 603 2360 codd.
617 2292 849 2380 R(Murbcc.)
869 2295 1068 2381 quibuscum
1089 2293 1233 2363 Parisini
1253 2295 1345 2382 opud

245 2412 437 2478 Harduinum
452 2411 673 2490 consentiunt,
690 2411 859 2496 scriptura
877 2411 1023 2476 adocxio
1041 2412 1173 2497 recepit
1193 2411 1343 2498 obnoxio,

246 2532 320 2614 quod
334 2533 400 2595 iem
411 2528 599 2595 Salmasius
622 2527 827 2609 coniecerat,
848 2539 949 2614 utque
970 2530 1003 2594 in
1015 2529 1089 2596 cod·
1101 2552 1120 2595 r
1134 2527 1224 2596 hanc
1235 2529 1343 2617 ipsam

246 2645 410 2714 lectionem
433 2645 574 2712 inveniri
596 2645 713 2724 tradit,
734 2665 821 2733 quae
842 2665 925 2712 sane
947 2647 980 2711 in
1002 2648 1080 2713 edit.
1101 2647 1253 2734 Lugdun.
1276 2669 1344 2715 nou

246 2776 420 2833 annotatur.
452 2767 560 2842 Quam
577 2773 687 2829 cutem
704 2761 962 2849 explicationem
979 2761 1109 2851 profert
1122 2765 1175 2832 vir
1192 2768 1344 2835 doctissi-

246 2904 319 2963 mns,
333 2886 521 2969 Agrippam
542 2882 649 2966 ipsam
671 2881 715 2945 od
737 2892 863 2947 mortes
875 2884 1068 2949 accessisse
1080 2882 1267 2951 Octaviano
1282 2887 1346 2951 cb-

247 3002 379 3082 noxium‚
398 3000 482 3067 ferri
501 2999 649 3067 fortasse
667 3002 902 3081 concederem,
925 3001 956 3066 si
976 3001 1137 3067 obnoxias
1157 3004 1345 3089 legeretur:

248 3140 352 3189 aevum
378 3123 489 3207 ipsum
514 3122 693 3187 obnoxium
716 3118 903 3187 Octaviano
929 3120 1017 3187 inter
1041 3141 1136 3187 arma
1157 3135 1190 3189 et
1218 3131 1346 3188 mortes

247 3239 285 3303 in
305 3240 459 3305 exerceri
483 3239 597 3325 nequit
618 3249 654 3303 ut
673 3239 717 3303 ad
740 3240 877 3305 casdem
898 3240 1050 3307 accedet.
1092 3239 1177 3304 Nam
1200 3241 1276 3305 dom
1297 3242 1345 3306 in·

250 3367 291 3422 ter
310 3379 400 3423 arma
420 3369 587 3441 versatur,
609 3356 664 3445 qui
685 3358 821 3423 tandem
843 3358 964 3425 eadem
986 3358 1079 3423 edire
1099 3358 1243 3443 poterit‘i
1267 3359 1346 3437 Una

248 3473 343 3543 littera
354 3486 481 3543 mutate
491 3474 706 3541 scribendum
719 3488 772 3541 est
782 3458 1008 3569 mortisque
1018 3474 1085 3539 hcc
1093 3496 1214 3543 sensu:
1225 3496 1345 3546 aevum

250 3598 283 3661 ab
299 3599 449 3685 Agrippa
472 3595 559 3661 inter
586 3613 680 3660 erma
707 3594 892 3661 exercitum
916 3605 951 3659 et
977 3595 1024 3661 ite
1050 3595 1166 3661 mortis
1188 3597 1346 3665 accessui

251 3730 368 3799 semper
389 3712 571 3779 obnoxium
594 3711 664 3779 tuit.
691 3711 819 3776 Eodem
842 3711 930 3777 eninr
953 3712 1053 3777 modo
1075 3732 1142 3798 quo
1163 3716 1292 3797 „morbi
1311 3726 1346 3783 ct

251 3828 374 3897 febrium
398 3834 588 3896 accessus“
607 3826 695 3893 inira
709 3826 862 3893 XXVlli.
883 3827 935 3894 46.
959 3840 993 3893 et
1012 3830 1102 3915 opud
1120 3829 1210 3895 Gen.
1232 3831 1289 3901 lV.
1309 3834 1343 3902 2.

249 3958 462 4033 usurpetutur,
479 3968 571 4013 mors
585 3947 716 4033 quotics
729 3944 831 4010 armis
841 3944 1096 4031 confligebetur,
1106 3947 1149 4009 od
1159 3948 1344 4035 Agrippam

250 4069 425 4137 accessisse
448 4068 577 4135 dicitur.
619 4064 833 4146 „Accessuc
854 4064 954 4151 igitur
975 4064 1106 4131 tertium
1128 4086 1244 4132 casum
1264 4087 1344 4135 csse
1464 4156 1468 4162 ⁸

249 4198 383 4271 apparet.

658 4302 824 4378 51:12
856 4300 916 4377 10.

288 4439 536 4518 Indubitatum
558 4440 769 4540 exemplum
794 4448 852 4515 est
872 4437 1037 4515 Nicaei
1061 4439 1194 4521 nobilis
1206 4450 1343 4543 pyctae
1359 4324 1422 4392 ¹5⁶

195 4694 196 4699 .
286 4575 455 4677 Byzantii
469 4573 585 4678 geniti
598 4574 660 4677 qui
676 4616 725 4635 -
740 4598 847 4653 ovum
861 4573 1095 4675 regeneravit
1105 4577 1342 4681 Aethiopem.
