3700 5625
700 743 796 805 aaa
812 739 903 806 XXI.
1149 773 1155 780 ·
1304 737 1368 812 108
1420 843 1424 850 ’

312 936 498 1013 esamice
524 937 682 1030 receati3
722 937 761 1013 ct
786 945 823 1013 et
858 937 1095 1014 eradicitus
1135 937 1250 1037 prima
1280 955 1366 1038 ger·
1461 979 1466 988 ·

313 1069 669 1146 mmmmm&

342 1191 486 1266 Primum
517 1199 673 1266 insulsum
700 1199 922 1286 descriptionis
960 1195 1212 1276 additamentum
1249 1221 1314 1267 non
1345 1224 1365 1268 a
1422 1222 1426 1230 ·

273 1318 364 1384 Plinio
385 1318 565 1404 profectum
587 1339 660 1384 esse
682 1317 733 1383 vel
753 1319 964 1404 grammatica
986 1317 1177 1384 necessitate
1200 1317 1364 1387 evincitur.

272 1412 406 1522 Nomine
427 1441 576 1500 neutrum
600 1454 701 1521 genus
723 1457 785 1522 quc
808 1435 966 1502 referatur
987 1457 1050 1500 non
1071 1435 1179 1518 habet,
1200 1435 1262 1500 nisi
1282 1435 1364 1502 icrte

272 1553 304 1617 da
324 1551 417 1617 meite
438 1548 646 1639 cogitaveris,
682 1550 767 1639 quod
790 1574 810 1619 a
829 1551 959 1638 plantae
992 1551 1205 1639 descriptione
1237 1551 1364 1619 alienis·

271 1670 373 1735 mum
395 1680 471 1734 esse
504 1669 575 1755 qais
598 1686 662 1734 non
695 1667 865 1756 intelligit?
906 1669 990 1735 Tum
1022 1691 1042 1736 a
1067 1671 1203 1738 molesta
1223 1669 1313 1738 verbi
1331 1679 1366 1751 at

271 1787 449 1873 repetitione
470 1807 554 1852 unus
575 1787 731 1872 Apuleius
753 1787 846 1852 cavit.
890 1783 1027 1874 Reliqua
1059 1809 1100 1852 ex
1120 1787 1181 1854 hcc
1202 1783 1364 1856 Dioscori-

271 1905 311 1969 dis
330 1905 399 1970 ioco
420 1901 480 1970 III.
502 1903 544 1972 74
576 1922 639 1970 non
673 1911 740 1969 tam
772 1902 974 1969 emendanda
1006 1925 1101 1990 quam
1138 1899 1365 1993 distinguenda

271 2029 350 2086 sunt:
377 2023 548 2105 χυλίζπαι
569 2023 608 2088 δὲ
627 2028 686 2088 rai
704 2024 742 2089 ad
766 2027 900 2110 σπέρμα
927 2058 963 2069 -
984 2023 1113 2110 χλωρὸν
1133 2019 1182 2088 ἔτι
1200 2060 1286 2069 —-
1308 2021 1366 2089 aci
1443 2070 1447 2080 η

270 2136 375 2225 'iiiia
397 2139 483 2202 κατὰ
505 2139 563 2224 τὴν
584 2140 718 2227 πρώτην
740 2135 964 2224 ἕκβλάστησιν.
983 2137 1038 2205 Ἐν
1051 2140 1089 2205 δὲ
1109 2147 1147 2230 τῇ
1169 2141 1253 2226 πρὸς
1265 2135 1363 2205 iant·
1487 2159 1490 2168 ·

270 2281 324 2339 ραν
340 2253 461 2344 Ἰβηρίᾳ
484 2262 541 2322 arai
563 2253 649 2323 ὀπὸν
670 2254 801 2342 ἀνίησιν
823 2255 942 2340 ὅμοιον
963 2257 1073 2341 κόμμι.
1092 2256 1215 2320 Eodem
1239 2255 1363 2321 Graeco
1476 2271 1481 2282 “

270 2380 388 2438 auctore
412 2378 507 2452 (nam
518 2372 656 2439 iberiam
669 2374 831 2459 nominat)
853 2395 932 2440 usus
943 2374 1063 2439 Plinius
1081 2374 1161 2438 haec
1175 2374 1362 2459 scripserat:

302 2529 340 2538 -
360 2529 401 2538 —
421 2529 463 2586 Ἴ
484 2511 525 2554 aa
546 2473 639 2572 malla,
666 2496 892 2556 laudatissimus
921 2498 950 2554 ia
973 2495 998 2554 Ι.
1021 2513 1037 2556 e
1058 2498 1210 2565 lacrimis;
1242 2497 1276 2564 lit
1298 2503 1327 2559 et
1348 2511 1363 2552 e

277 2663 280 2666 .
302 2630 324 2673 s.
345 2631 370 2673 r.
394 2621 424 2670 e!
444 2628 461 2671 a
482 2613 639 2671 radicibus
660 2609 717 2674 rel.

340 2723 389 2789 De
418 2724 565 2809 proxima
584 2724 735 2789 sectione
753 2725 860 2803 ,Ianus
889 2725 972 2789 bene
1006 2725 1137 2806 meruit,
1173 2723 1207 2787 in
1238 2721 1362 2788 duobus

271 2849 365 2907 umen
386 2843 466 2907 locis
487 2844 547 2907 viri
568 2842 742 2907 doctissimi
765 2843 915 2907 iudicium
940 2842 1076 2928 probare
1098 2854 1233 2927 nequeo.
1262 2838 1364 2926 §.256
1439 2916 1442 2924 ¹

271 2978 305 3021 ex
324 2959 449 3045 Apulaii
472 2960 608 3024 tectione
631 2968 695 3024 iata
716 2961 849 3025 restituo
868 2972 953 3042 pota,
977 2960 1005 3043 g.
1027 2960 1088 3027 257
1109 2957 1255 3044 putidum
1278 2960 1362 3045 gice-

272 3093 349 3139 sema
369 3095 503 3141 aenaea
531 3082 684 3140 stimulant
711 3093 774 3163 quc
803 3077 950 3161 proxima
986 3060 1085 3141 verba
1113 3075 1312 3161 explicantur
1344 3062 1364 3143 a

272 3190 379 3279 Sssiig'io
402 3211 444 3258 ex
459 3192 597 3279 Apuleio
618 3201 782 3277 receptum
800 3196 895 3259 ianus
919 3194 1026 3258 delere
1048 3192 1196 3257 debebat.

577 3417 600 3444 ··
677 3398 942 3482 acassam.
978 3454 987 3463 .
1071 3382 1075 3397 “

314 3509 974 3625 Μωωῶωωωωηώ’

307 3662 345 3717 iia
364 3665 439 3720 enim
462 3677 579 3720 aereae
593 3662 737 3720 Glaucias
758 3662 922 3736 adscripsit
943 3658 981 3724 V.

309 3779 344 3836 ita
365 3787 392 3838 ai
412 3794 505 3837 aerea
530 3779 644 3838 Giatias
664 3778 826 3853 adscripsit
847 3794 874 3838 a.

342 3892 453 3960 Finem
481 3891 661 3957 sententiae
689 3891 754 3955 Sili.
781 3891 918 3956 correxit
941 3890 1157 3977 dittographia
1189 3878 1224 3955 as
1246 3898 1363 3971 ascrip-

276 4008 442 4090 sit-deleta,
470 4008 596 4073 initium
616 4007 703 4072 facili
724 4008 901 4073 mutatione
924 4007 1096 4073 emendare
1118 4014 1259 4093 poterat:

311 4130 345 4186 ita
364 4140 443 4191 certe
463 4132 508 4190 Gi.
531 4147 559 4188 a.
586 4124 644 4201 (ci.
666 4124 757 4189 XIX.
786 4124 852 4205 184,
873 4123 978 4189 XXV.
1000 4125 1051 4195 9).

696 4395 817 4507 uiam
840 4395 922 4472 xxi.

349 4575 383 4641 In
405 4576 467 4641 hoc
493 4576 575 4640 libro
602 4575 673 4642 ccd.
698 4596 718 4641 a
745 4575 888 4641 destituti
915 4575 1025 4643 codice
1048 4576 1078 4643 R
1102 4576 1205 4643 denuc
1234 4598 1292 4643 nas
1317 4578 1365 4641 uti

283 4707 361 4769 possa
380 4694 546 4774 lactamur,
569 4694 659 4757 cuius
682 4714 754 4757 oum
778 4682 936 4758 Vossianc
959 4694 1151 4761 excelientia
1179 4694 1226 4759 ita
1252 4702 1365 4776 certat,
