3700 5625
473 707 536 777 194
913 714 1005 777 Liber
1016 714 1143 779 XXXI.

473 904 605 969 alterius
626 924 738 971 versus
759 906 792 969 in
815 905 949 972 altemm
978 908 1134 993 migrasse
1157 914 1252 994 etque
1274 915 1349 974 ante
1371 910 1566 987 ascenditur

473 1022 746 1139 transponendum
763 1042 836 1088 5555
856 1023 992 1089 videtur.

391 1186 454 1281 504
821 1174 881 1224 -··
920 1181 1133 1267 55--5,30.

522 1306 570 1386 Et
608 1307 671 1385 illa
720 1306 884 1383 miraculi
929 1307 1057 1408 plena,
1107 1309 1332 1387 Arethusam
1384 1308 1569 1409 Syracusis

421 1527 426 1535 ¹
524 1440 647 1516 fimum
688 1438 860 1517 redolere
898 1463 966 1539 per
1005 1438 1195 1540 Olympia,
1246 1443 1399 1542 verique
1453 1442 1570 1534 simile,

525 1572 697 1673 qnoniam
736 1571 908 1673 Alpheus
957 1572 992 1647 in
1032 1595 1111 1650 earn
1157 1573 1331 1665 insulam¹
1357 1576 1430 1653 sub
1475 1578 1566 1663 [imal

428 1778 432 1785 .
521 1707 635 1784 maria
659 1714 835 1807 permeet.

555 1844 624 1903 Ima
643 1847 740 1903 moria
757 1858 823 1902 non
843 1859 975 1923 prorsus
997 1838 1126 1924 quidem
1149 1859 1169 1905 a
1189 1840 1283 1903 Plinii
1304 1859 1456 1907 sermone
1478 1842 1573 1909 511555

474 1964 564 2039 5551,
597 1956 636 2020 51.
659 1957 698 2021 ll.
726 1956 803 2038 128,
847 1957 908 2020 5151
945 1956 1128 2042 genetivum
1160 1962 1252 2021 maris
1278 1960 1351 2025 voci
1395 1959 1487 2025 addit
1521 1968 1573 2027 aa

350 2044 355 2055 ⁴
473 2073 612 2142 XXXII,
635 2075 692 2141 64:
728 2073 786 2137 sed
815 2072 867 2137 hic
895 2074 989 2139 nnius
1022 2073 1140 2139 codicis
1171 2073 1404 2143 dauctoritate
1426 2080 1570 2162 nituntur,

398 2234 402 2241 ·
441 2177 507 2257 ¹iu
527 2191 1109 2276 1155555νὲ51515501551551155.
1153 2191 1246 2267 Quod
1268 2215 1366 2279 quum
1390 2218 1465 2261 cum
1492 2199 1571 2263 locu·

473 2311 561 2375 tione
587 2312 730 2376 Senecae
758 2308 962 2377 11126551
989 2330 1073 2375 mare
1106 2312 1210 2396 magis
1245 2313 1428 2399 conspiret,
1472 2336 1573 2380 vocem

473 2432 534 2493 imo
556 2448 741 2514 expungere
761 2427 880 2493 malim.

919 2586 998 2658 61-
1034 2586 1134 2672 1132.

391 2616 453 2685 695
523 2715 619 2815 51051
643 2714 679 2790 in
707 2712 868 2816 Segesta
894 2666 1060 2809 Siciliae,
1088 2712 1229 2805 Larisa,
1259 2712 1403 2793 Troade
1434 2718 1501 2799 rel.

478 2844 481 2850 ’
555 2849 643 2915 Fort.
666 2871 726 2913 sor.
748 2854 858 2914 Larisa
880 2854 1017 2931 Troade,
1040 2853 1074 2911 51
1096 2849 1246 2912 aceteris
1269 2848 1394 2934 oppidis
1418 2854 1573 2940 cognomi·
1653 2901 1655 2944 ,

472 2967 567 3032 nibus
589 2966 813 3053 distinguatur.

919 3091 966 3162 65
982 3116 1015 3147 =
1032 3091 1126 3178 o,33.
1171 3157 1177 3175 ,

390 3122 453 3191 696
523 3219 672 3296 Lendes
700 3261 742 3274 ·-
770 3217 842 3294 hac
861 3226 1043 3310 curantur,
1070 3226 1109 3296 ut
1125 3219 1276 3298 liventia
1291 3222 1434 3300 reducit
1452 3226 1572 3300 eadem

528 3363 645 3454 (aqua
669 3352 828 3444 marina)
859 3351 908 3426 ad
935 3351 1109 3431 colorem.
1199 3349 1205 3360 '

555 3486 683 3561 51151.
705 3485 849 3570 ineptum
877 3485 994 3570 legitur
1022 3486 1150 3572 quidem
1177 3490 1210 3553 in
1232 3487 1305 3553 RV
1333 3487 1391 3553 sed
1425 3486 1572 3553 facilein
1652 3477 1653 3484 ¹

472 3625 518 3670 oe
538 3610 688 3669 mutatur.
731 3603 761 3687 §.
783 3603 825 3670 76
846 3610 933 3668 55515
961 3604 1056 3689 vulg'o
1081 3605 1175 3670 scribi
1204 3626 1244 3671 55
1266 3612 1412 3688 appositis
1433 3610 1573 3670 morsibus

473 3729 623 3802 deferunt,
645 3721 847 3785 durissimam
870 3728 1061 3786 structuram
1083 3727 1189 3788 55115
1212 3715 1319 3804 51551.
1343 3724 1449 3788 Plinio
1471 3745 1490 3788 5
1512 3721 1571 3787 sill.

472 3842 541 3908 Ian.
564 3841 722 3906 immerito
751 3839 895 3922 obtrudi,
924 3840 995 3924 ipsa
1017 3839 1169 3906 librorum
1192 3841 1284 3906 MSS.
1318 3843 1498 3925 corruptela
1524 3839 1570 3904 de-

472 3967 677 4026 monstratur.
700 3959 784 4023 Nam
806 3958 891 4043 quod
913 3959 1079 4042 praecedit
1100 3963 1226 4026 5105155
1249 3959 1341 4026 deest
1361 3961 1395 4024 in
1416 3960 1571 4045 plerisque

472 4078 565 4144 codd.
589 4101 632 4144 50.
653 4079 687 4142 15
708 4082 816 4142 551515
837 4081 1035 4161 corruptum,
1058 4075 1157 4154 inR²
1179 4098 1251 4144 oum
1272 4078 1509 4163 praepositione
1530 4078 1570 4142 115

473 4198 676 4263 coniunctum
705 4202 769 4262 est:
812 4201 930 4276 5515555
959 4193 979 4256 1.
1003 4214 1031 4258 5.
1058 4215 1136 4259 osus
1166 4215 1215 4260 55.
1259 4194 1410 4260 Ceterum
1436 4195 1569 4260 haecin

473 4324 673 4397 transcursu,
707 4334 782 4378 nam
811 4333 832 4376 a
857 4310 1063 4378 defendenda
1090 4313 1221 4399 vulgata
1247 4319 1321 4378 autc
1344 4312 1411 4379 Sill.
1441 4312 1569 4378 15511055
1599 4367 1602 4387 ,

473 4435 618 4501 50555110
640 4432 798 4498 abstineo.

390 4580 452 4649 697
916 4553 1135 4640 78:7‚390'

521 4706 646 4762 muros
673 4684 880 4782 domosque
906 4684 1039 4760 massis
1065 4681 1154 4760 salis
1179 4681 1328 4760 laci-unt.
