3700 5625
464 681 527 752 120
904 682 997 778 liber
1015 681 1126 742 XXII.

516 851 1638 982 Mfflfflwfflfflffifflfflmffl

515 1011 547 1086 si
574 1008 746 1108 caligaris
774 1009 903 1086 clavus
929 1008 1063 1084 ferrive
1089 1007 1212 1108 eliqua
1236 1005 1368 1106 robigo
1383 997 1562 1106 euipenni

513 1164 657 1219 mercor
680 1141 839 1218 adfuerit
863 1140 1042 1231 nascenti,
1068 1163 1214 1218 omnem
1239 1138 1338 1217 illico
1359 1161 1490 1216 sucum
1506 1137 1564 1214 ali-

514 1272 1636 1374 mmmmmoemwmmoemwnmm-

518 1407 696 1487 hendisse
724 1407 787 1505 qui
814 1406 884 1482 nisi
909 1415 1080 1506 agrestes
1106 1414 1262 1507 possunt
1287 1414 1399 1505 etque
1417 1406 1481 1505 qui
1496 1405 1565 1482 eol-

514 1539 660 1640 ligunt?
685 1538 834 1616 Ducunt
859 1538 931 1638 ipsi
956 1539 1027 1616 elie
1052 1529 1173 1629 vitie,'
1199 1545 1234 1616 et
1261 1538 1411 1638 quidem
1438 1539 1470 1614 si
1494 1561 1565 1616 ser-

518 1673 641 1773 pentis
681 1693 838 1748 caverna
888 1672 991 1748 iuxta
1028 1671 1136 1748 fuerit
1162 1732 1169 1748 .
1198 1697 1228 1763 .;
1278 1673 1402 1769 itaque
1450 1671 1566 1748 caveri
1641 1719 1642 1722 κ

431 1831 435 1841 ’
518 1804 716 1883 conveniet
742 1803 843 1902 prius
875 1825 985 1902 quern
1011 1825 1053 1881 se
1080 1804 1243 1881 condant
1267 1810 1475 1903 serpentes,
1524 1792 1539 1838 ¹

549 1940 599 2002 Ite
618 1935 787 1999 Hsrduino
810 1941 941 1999 anctore
965 1935 1117 2022 elegius,
1133 1937 1193 2023 ,qui
1215 1957 1312 2022 quum
1333 1937 1367 2000 in
1389 1937 1460 2000 loeo
1483 1937 1565 2017 ‚mire

445 2037 628 2145 ‘compto‘
656 2052 736 2135 ‚sine
756 2055 924 2118 meliorum
946 2053 1091 2120 codicum
1113 2053 1309 2119 auxilio-vix
1330 2052 1450 2138 aliquid
1464 2053 1565 2139 profici

467 2175 573 2258 posse‘
600 2176 728 2255 putaret
756 2169 835 2234 nihil
863 2171 1032 2256 temptavit
1053 2176 1181 2256 praeter
1208 2189 1306 2234 unum
1336 2189 1474 2254 eamque
1494 2170 1564 2233 setis

346 2301 348 2308 '
442 2303 445 2307 “
468 2288 607 2353 debilem
628 2284 858 2352 coniecturam:
879 2292 955 2372 post
976 2311 1003 2354 v.
1027 2281 1189 2368 concoquit
1207 2288 1341 2352 inseruit
1358 2293 1448 2366 quoe.
1472 2287 1569 2372 ligre·¹

469 2405 698 2491 giePintianus
719 2395 851 2468 verbum
874 2397 988 2469 ducunt
1009 2403 1247 2485 ‚desecandum‘
1269 2425 1341 2468 esse
1362 2426 1381 2470 e
1400 2405 1489 2471 codd.
1503 2404 1562 2468 eni·

467 2522 648 2603 madvertii,
669 2521 816 2606 proxima
836 2521 936 2586 verbe
958 2522 1004 2586 sic
1026 2522 1204 2587 constituit:
1244 2529 1307 2588 eliu
1329 2529 1484 2588 etiamnum
1506 2528 1561 2600 pui-

371 2625 378 2632 ’
469 2645 604 2706 demeto.
627 2638 735 2706 Unum
745 2640 899 2704 mendum
914 2639 1095 2704 Gronovius
1109 2641 1246 2722 sustulit,
1268 2661 1364 2725 quum
1387 2638 1472 2727 quod
1488 2659 1561 2702 nune

468 2758 585 2845 legitur
596 2764 647 2838 qui
658 2762 732 2843 post
754 2753 1027 2841 ‚deprehendisse‘
1050 2758 1214 2843 evulgato
1234 2758 1393 2845 scripture
1415 2761 1560 2839 depretu·

450 2874 730 2955 uissequeelieuit,
748 2894 831 2961 qnae
841 2874 1024 2942 emendatio
1032 2875 1331 2943 eod.Reonfirmete
1339 2883 1400 2941 est.
1422 2876 1561 2960 Ceterum

465 2994 571 3059 >virum
592 3012 750 3057 summum
772 3011 871 3077 opere
891 2991 1014 3075 fefellit,
1027 2980 1114 3057 'dum
1134 2994 1297 3079 proponit:
1319 2999 1377 3057 Illa
1392 2997 1561 3073 peuietuttu

468 3131 547 3190 quae
564 3115 720 3189 probandi
739 3115 829 3173 uteo?
861 3114 913 3173 etr
958 3115 1058 3188 Aliqui
1079 3117 1219 3189 colliuunt
1250 3118 1307 3191 ipsi
1336 3116 1397 3173 ulie
1419 3115 1506 3190 vitiu,
1536 3113 1561 3169 iu
1615 3114 1618 3123 '

435 3255 442 3262 ·
469 3234 576 3307 quibus
596 3226 663 3327 vele
687 3237 777 3305 atque
799 3232 852 3304 qui
872 3233 1036 3305 eotltpuutl
1058 3232 1174 3292 Diecuut
1191 3233 1248 3305 ipsi
1270 3234 1331 3291 olio
1353 3232 1441 3304 uitia,
1469 3246 1486 3289 e
1504 3229 1560 3302 qui·
1641 3248 1642 3283 t

470 3349 535 3407 bur.
556 3342 666 3427 Nuper
677 3342 815 3428 denique
836 3342 935 3406 Ianus
948 3344 1090 3429 scripsit:
1113 3351 1162 3409 illu
1181 3351 1343 3423 perniciali
1350 3350 1481 3423 *tumque
1497 3360 1558 3421 pro·
1641 3380 1642 3413 p

470 3464 564 3523 bandi
585 3466 651 3523 eleo
673 3507 681 3523 .
704 3507 713 3523 .
735 3508 743 3523 .
762 3467 908 3540 possunt?
951 3474 1041 3539 atque
1061 3481 1138 3540 quoe
1163 3467 1305 3539 coltipunt
1326 3467 1384 3541 ipsi
1404 3458 1560 3524 uliuuitiu?

469 3597 508 3640 ne
523 3557 646 3656 quidam
661 3575 718 3640 rel.

553 3696 603 3758 En
624 3692 775 3757 librorum
797 3692 888 3758 MSS.
911 3686 1102 3779 optimorum
1123 3693 1294 3759 lectiones:

507 3816 663 3891 probandi
683 3817 744 3874 ulio
766 3810 796 3873 R
817 3817 900 3889 quod
913 3815 1070 3890 probandi
1091 3816 1154 3873 eliu
1177 3811 1246 3878 ve

511 3934 612 3993 clauos
647 3924 657 3971 ἶ
696 3932 773 4004 ferri
800 3935 845 3992 uel
864 3965 903 3974 -
926 3904 1160 4007 deprehendisse
1180 3927 1212 3992 R
1242 3932 1451 4008 (deprendere
1470 3926 1514 4005 V)
1531 3964 1574 4015 ''.

512 4066 590 4138 quoe
603 4045 643 4111 V.

469 4168 529 4226 uiri
551 4194 586 4203 -
612 4168 772 4240 aequeque·
796 4184 859 4227 om.
880 4162 928 4247 R,
963 4183 1062 4227 unum
1092 4182 1220 4228 versum
1240 4161 1368 4226 XXVII
1390 4163 1441 4227 vel
1461 4158 1560 4227 XXIX

470 4263 657 4361 litterarum,
681 4279 792 4363 quales
815 4280 987 4366 pleraeque
1009 4278 1078 4344 eius
1100 4278 1219 4345 codicis
1241 4279 1375 4344 lacunae
1398 4280 1498 4345 forma
1518 4298 1559 4341 er·

472 4394 603 4480 ehetypi
625 4394 824 4477 explicantur
844 4404 1013 4475 ἐπέμεινα
1032 4396 1062 4459 R
1083 4431 1122 4443 -
1147 4403 1259 4461 ducunt
1285 4417 1345 4460 om.
1367 4397 1434 4463 RV
1449 4395 1509 4461 Td
1529 4432 1557 4445 -

413 4569 416 4576 ,
471 4532 508 4595 ue
529 4518 647 4595 quidem
668 4528 780 4575 ornnes
802 4519 835 4576 et
860 4517 907 4595 Θ,
930 4512 970 4577 de
993 4532 1055 4599 quo
1069 4520 1238 4598 praetereo
1253 4513 1331 4577 nihil
1352 4514 1557 4599 comperimus.

428 4631 431 4638 '
538 4628 675 4692 Plinius
696 4629 838 4711 periculo
864 4650 885 4694 e
905 4630 1083 4695 boletorum
1105 4631 1238 4697 venenis
1268 4632 1465 4701 imminentis
1483 4646 1558 4696 more
