3700 5625
730 765 822 830 Liber
841 767 914 830 XX.
1333 765 1375 839 97
1519 855 1525 864 ⁸

276 949 331 1033 cni
359 960 405 1025 sic
434 959 561 1025 scribit:
602 943 733 1046 φακοῦς
760 961 825 1028 civ
851 959 997 1047 μέλπιῆ
1029 960 1097 1040 ὄξει
1120 967 1372 1047 (καθαίρουσι).

276 1079 330 1141 Pro
357 1077 451 1142 melle
480 1077 589 1142 vinum
609 1077 731 1143 Plinius
758 1080 950 1160 nominavit,
980 1079 1114 1143 alterum
1140 1101 1258 1146 nornen
1286 1081 1373 1172 lreud
1444 1063 1447 1070 Δ

276 1193 364 1260 dubie
384 1194 619 1259 restituendum
641 1201 706 1279 est,
736 1201 770 1260 et
790 1215 848 1282 pro
869 1215 936 1261 cum
956 1202 1055 1262 icccto
1077 1197 1249 1282 legendum

311 1333 375 1377 com
399 1324 519 1378 aceto.

243 1478 248 1482 .
348 1431 385 1494 In
407 1431 438 1515 S.
461 1430 523 1498 109
550 1430 693 1495 neutrius
716 1429 847 1496 editoris
880 1435 1073 1497 sententiam
1096 1437 1196 1497 totam
1213 1433 1313 1518 probo
1340 1441 1373 1500 et

275 1547 310 1610 ab
329 1546 407 1612 Inno
437 1554 572 1613 eotenus
600 1554 725 1613 tentum
747 1547 918 1630 dissentio,
946 1555 982 1612 nt
1008 1555 1114 1615 radice
1136 1591 1174 1603 -
1194 1562 1269 1631 poto
1298 1571 1372 1616 ocn-

273 1666 397 1750 iongom
419 1665 521 1731 libero
542 1666 597 1731 illc
620 1666 751 1731 ablativi
778 1665 917 1731 absoluti
939 1685 999 1730 usu
1021 1685 1083 1752 quo
1105 1667 1228 1732 Plinius
1249 1668 1282 1732 in
1309 1670 1372 1755 pn'·

200 1767 201 1820 ³
274 1783 327 1848 mis
348 1781 536 1848 celestus

690 1924 949 2040 113='11‚42.
1392 1951 1454 2020 cc

316 2100 389 2186 non
414 2075 516 2154 aliud
542 2079 641 2155 —in
668 2063 805 2160 maiore
827 2081 1089 2159 sententiarum
1104 2081 1281 2157 varietate
1301 2088 1369 2161 est.

315 2210 562 2312 DistInguitor
580 2236 674 2291 sexu
701 2222 772 2293 etc.
1019 2285 1021 2292 .
1387 2309 1391 2322 Ι

344 2347 396 2410 Ito
417 2344 485 2410 Sill.
505 2341 632 2410 (telonii
652 2346 780 2412 codices
802 2353 932 2412 secutus
955 2346 1089 2433 scripsit.
1114 2347 1192 2414 Ood.
1215 2367 1236 2411 o
1256 2345 1369 2412 hebet:
1509 2391 1512 2398 ,

272 2470 434 2528 auctoritas
454 2471 500 2526 est
517 2468 722 2548 distincottcr,
743 2464 993 2533 connectetur
1010 2471 1211 2548 ficloccttcr.
1234 2468 1269 2530 ln
1283 2471 1369 2530 utro-

272 2602 326 2668 que
346 2581 426 2646 libro
448 2600 549 2644 unum
570 2583 760 2650 vocobulum
781 2583 910 2666 excidit,
931 2604 1005 2685 ncnc
1029 2584 1199 2650 loeuncsos
1221 2603 1295 2648 esse
1316 2602 1369 2646 co-

205 2729 216 2744 .
273 2700 352 2764 dices
374 2700 473 2764 etism
495 2701 525 2784 ᾗ.
545 2703 607 2768 117
634 2701 875 2788 comprobatur,
907 2702 963 2767 ribi
980 2707 1113 2782 palmum
1134 2703 1167 2766 in
1189 2700 1288 2766 [lod
1317 2700 1369 2766 de·
1419 2763 1421 2772 s

200 2806 201 2809 ¹
272 2826 324 2885 est.
366 2818 578 2885 scribendum
600 2822 675 2886 crit:

308 2944 452 3003 cmctcte
473 2950 525 3003 cst.
568 2940 798 3005 Auctoritas
819 2944 1015 3020 delinquitur
1036 2976 1076 2989 -

272 3076 385 3123 morem
406 3058 492 3123 enim
514 3057 766 3124 innocentiorem
790 3077 862 3123 esse
882 3060 979 3144 poulo
1000 3058 1084 3123 inira
1099 3058 1243 3143 legimus.

688 3215 948 3304 113=1i,44.
1389 3258 1452 3327 437
1492 3292 1495 3297 .

347 3344 396 3409 De
425 3343 499 3430 opio
527 3342 660 3408 duorum
680 3344 911 3429 medicorum,
956 3344 1124 3431 Chrysippi
1159 3352 1191 3409 et
1213 3344 1370 3430 Dionysii,

275 3464 445 3526 sententiae
473 3469 693 3546 exponuntur,
736 3483 871 3549 quorum
903 3464 984 3527 cltcr
1015 3464 1163 3529 seminam
1193 3470 1371 3530 vermiculos

274 3585 430 3659 tltomlem
452 3586 670 3671 appellaverit.
713 3582 796 3647 Turn
813 3582 859 3647 ito
879 3581 1038 3668 pergitur:

319 3704 421 3782 ambo
449 3711 617 3780 neutrum
643 3703 688 3781 ad
718 3703 823 3813 cilios
849 3691 1126 3793 admittendum,
1154 3701 1263 3779 imino
1291 3725 1369 3779 cm-

320 3838 400 3916 nino
428 3836 551 3937 nefas3
590 3841 676 3913 nani
699 3838 735 3912 id
764 3837 1023 3914 delun-olorum
1050 3832 1168 3937 epulis
1195 3835 1369 3912 feralibus
1443 3940 1445 3947 y

320 3969 475 4047 dicatum
513 3994 618 4062 esse,
657 3971 760 4047 visus
794 3992 943 4069 quoque
984 3968 1138 4046 claritati
1163 3968 1370 4081 inimicum3
1418 4034 1420 4043 .

322 4103 421 4181 ceole
446 4106 604 4195 feminae
631 4103 855 4182 vermiculos
881 4081 985 4203 gigni
1026 4102 1186 4201 ideoque
1214 4104 1370 4202 eosqui

322 4238 460 4313 ederint
484 4235 718 4315 sterilescere
745 4244 815 4314 etc.
864 4278 867 4285 ·

352 4369 422 4433 Non
443 4371 562 4435 idcirco
585 4372 799 4461 sterilescunt,
807 4337 897 4457 ‘quio
912 4369 1077 4436 vermiculi
1091 4368 1266 4453 gignuntur
1278 4372 1370 4437 caule

281 4480 415 4571 lenince,
444 4489 504 4553 sed
531 4490 607 4574 quio
636 4510 675 4554 eo
703 4488 790 4555 vesci
820 4489 912 4553 nelos
939 4493 997 4573 est.
1041 4489 1153 4573 Itaque
1176 4509 1260 4575 quoe
1288 4490 1385 4555 hanc,

283 4606 457 4671 sonutam
509 4606 689 4692 impediunt
730 4606 829 4673 verbo
876 4614 962 4673 cocle
1008 4644 1043 4657 «-
1088 4612 1173 4687 picot
1185 4656 1193 4691 ,
1242 4627 1371 4693 prorsus

284 4719 333 4783 illo
349 4726 471 4808 quinem
492 4746 744 4813 supervacaneo,
766 4727 883 4814 qnippe
904 4746 986 4811 quoe
1008 4724 1093 4790 idem
1115 4733 1265 4812 repetant
1286 4736 1371 4820 quod

1179 4848 1200 4917 7
