3700 5625
487 735 508 802 4
600 739 603 744 '
940 737 1031 800 Liber
1052 739 1140 803 XVI.

486 936 608 1000 meritis
647 934 794 999 laudibus
828 935 943 1018 extuli,
988 941 1020 999 et
1041 924 1294 1021 Mayhoifius
1332 935 1458 1000 iuvenis
1484 933 1571 999 erudi·

486 1054 645 1136 tissimus,
683 1053 910 1138 elegantissimi
947 1063 1057 1117 auotor
1084 1054 1183 1118 libelli
1211 1073 1306 1139 quem
1335 1053 1573 1116 lucubrationum

486 1172 701 1235 Plinianarum
730 1171 836 1254 oapita
862 1171 923 1233 tria
956 1171 1125 1256 inscripsit.
1150 1171 1332 1256 Utrumque
1354 1170 1494 1234 libellum
1516 1190 1573 1233 sero

372 1325 374 1330 ·
486 1289 527 1354 ad
542 1309 594 1353 me
608 1289 739 1372 allatum
762 1307 834 1351 esse
857 1288 967 1372 doleo;
989 1309 1094 1373 neque
1116 1296 1223 1353 tamen
1246 1288 1330 1367 nihil
1345 1288 1419 1352 inde
1441 1289 1474 1352 in
1495 1309 1573 1352 usum

417 1417 419 1420 ’
485 1427 593 1471 meum
624 1412 809 1470 conuertere
836 1405 934 1470 liouit.
977 1405 1101 1488 Quibus
1124 1406 1224 1497 eopiis
1247 1412 1284 1469 ut
1298 1425 1422 1495 ,operae
1445 1405 1574 1470 chartae

390 1561 411 1588 ,-
486 1544 547 1610 que
571 1543 736 1610 parcerem
758 1524 803 1587 ita
825 1525 871 1587 uti
892 1523 1016 1587 institui
1030 1530 1073 1587 ut
1095 1524 1203 1587 omnia
1224 1542 1307 1618 quae
1329 1522 1369 1586 ab
1384 1525 1462 1587 Iano
1482 1543 1574 1586 emen·

486 1641 562 1706 data
583 1641 774 1722 viderentur¹
788 1641 1093 1726 praetermitterem,
1129 1640 1169 1706 de
1182 1641 1228 1704 iis
1251 1661 1377 1726 quoque
1405 1641 1497 1722 loeis,
1535 1639 1575 1725 qui

486 1758 649 1844 a·Silligio
671 1758 722 1823 vel
745 1759 785 1822 ab
809 1759 878 1822 aliis
900 1759 1014 1823 melius
1038 1759 1203 1823 constituti
1227 1765 1351 1840 essent,
1373 1757 1508 1823 liberum
1526 1757 1575 1820 lee-

484 1875 564 1940 turis
587 1875 739 1940 iudioium
761 1876 993 1961 relinquerem,
1016 1876 1056 1940 de
1078 1878 1116 1942 iis
1140 1877 1216 1941 solis
1230 1869 1359 1961 agerem
1372 1875 1426 1961 qui
1440 1881 1496 1939 aut
1508 1895 1575 1938 non·

485 1993 561 2058 dum
584 1995 716 2058 correcti
738 1999 795 2057 aut
814 2015 833 2057 a
854 2015 905 2058 me
927 1994 997 2079 ipso
1019 1994 1053 2057 in
1076 1993 1326 2059 ohrestomathia
1346 1992 1506 2072 nonsatis
1530 2012 1575 2056 ex·

414 2125 415 2128 ’
482 2111 585 2197 pediti
608 2091 680 2176 esse
702 2101 894 2176 riderentur.
1463 2102 1468 2110 ’

924 2547 1162 2676 susurru,
1633 2656 1634 2661 p

564 2721 617 2786 Ad
639 2721 724 2786 huno
744 2720 859 2785 librum
888 2741 908 2786 a
930 2713 1068 2806 Silligto'
1083 2697 1144 2786 toti
1170 2720 1278 2785 oollati
1298 2727 1374 2784 sunt
1396 2705 1496 2787 Oodd.
1518 2719 1575 2802 ad,

346 2897 357 2905 .
409 2886 412 2889 -
481 2841 596 2927 partim
618 2840 646 2905 Τ
665 2842 698 2905 et
719 2842 759 2909 D.
780 2840 869 2904 Inter
890 2848 970 2925 quos
992 2834 1082 2926 prae'
1092 2840 1222 2925 reliquis
1244 2840 1364 2904 eminet
1383 2838 1432 2903 D²
1453 2840 1504 2903 oui
1522 2838 1574 2903 soli

472 2956 723 3047 posthabendus
738 2965 787 3022 est
809 2979 838 3023 a.
883 2956 998 3022 Codex
1019 2943 1211 3043 arobetypus
1232 2951 1376 3042 pluribus
1398 2958 1522 3022 mendis
1536 2959 1573 3021 la·

481 3077 613 3141 borasse
633 3075 794 3161 putandus
818 3082 883 3139 est:
908 3059 1083 3140 ‘nonnullas
1106 3075 1267 3160 longiores
1288 3074 1517 3162 brevioresque
1536 3075 1574 3140 la·

481 3214 581 3257 ounas
603 3192 895 3279 deprehendemus,
928 3174 1038 3258 ⁴verba
1065 3194 1117 3258 vel
1145 3192 1242 3257 etiam
1263 3199 1348 3257 totos
1377 3214 1499 3276 versus,
1528 3192 1573 3279 qui

480 3310 609 3377 XXVII
636 3311 815 3376 litterarum
838 3311 913 3375 fere
928 3331 1097 3376 numerum
1119 3310 1303 3396 explebant,
1325 3331 1384 3375 suo
1407 3311 1509 3375 ordini
1528 3330 1570 3373 re·

411 3449 418 3462 “
441 3494 443 3498 Α
481 3427 667 3511 stituemus,
699 3429 822 3493 litteras
845 3435 901 3491 aut
921 3428 1016 3492 male
1030 3427 1148 3505 divisas
1170 3435 1227 3493 aut
1247 3427 1572 3513 corruptasemenda

481 3544 603 3627 bimus,
624 3537 913 3632 interpulretionem
934 3545 1096 3610 interdum
1118 3546 1324 3632 corrigemus,
1347 3546 1399 3612 hio
1420 3547 1484 3612 illie
1499 3546 1570 3631 glos·
1636 3569 1637 3614 l

374 3708 375 3713 η
481 3669 604 3727 somata
626 3682 857 3749 expungemus.
879 3664 908 3749 §.
922 3664 1034 3731 1-16.
1062 3664 1096 3729 in
1118 3664 1367 3730 ohrestomatbia
1388 3687 1419 3751 p.
1435 3664 1496 3733 200
1514 3682 1570 3747 sqq.

480 3778 707 3870 traota'vimus.¹

396 3924 457 3993 255
641 4000 645 4004 y
706 3917 710 3921 ’
818 3922 860 3947 “’
939 3914 1126 4002 16:5,6.

560 4052 816 4139 Theophrastum
831 4052 889 4117 ΙΙΙ.
912 4055 941 4121 8.
964 4057 994 4121 1.
1018 4061 1148 4121 seeutus
1163 4052 1414 4140 glandiferarum
1437 4040 1571 4120 arborum

480 4169 692 4235 differentiam
708 4150 755 4235 ita
776 4172 923 4256 exponit:
1138 4166 1141 4170 ’

529 4298 664 4374 distant
691 4298 821 4391 fructu,
848 4301 931 4393 situ,
959 4324 1064 4392 sexu,
1092 4324 1244 4402 sapore;
1271 4298 1571 4401 namquealial-

526 4455 623 4532 geae
648 4431 777 4532 glandi
803 4433 936 4533 figura,
964 4458 1127 4534 quernae
1153 4441 1190 4511 et
1216 4434 1288 4510 alia
1311 4434 1459 4536 ilignae.

562 4581 615 4646 Sia
629 4574 721 4647 oodd.
745 4604 765 4647 a
779 4582 826 4667 d;·
843 4592 917 4649 ante
940 4605 1072 4665 quernae
1087 4607 1117 4652 v.
1132 4590 1194 4649 olio
1212 4585 1252 4649 ab
1275 4584 1450 4652 editoribus
1469 4582 1569 4650 inseri·

477 4705 538 4781 tur,
560 4699 601 4764 ab
622 4700 702 4764 Iano
724 4700 838 4765 melius
859 4703 992 4787 legitur:
1014 4724 1147 4783 quernae
1167 4709 1230 4767 alia
1252 4715 1281 4767 et
1294 4709 1417 4783 ittonae.
