3700 5625
721 604 824 673 Liber
840 606 910 675 IV.
1329 610 1373 680 tl

700 792 750 869 22
762 822 804 861 ει·
820 793 858 890 d,
870 790 933 871 10·

310 947 355 1021 ah
385 941 563 1046 Olympia
585 943 707 1045 Argos
731 970 803 1046 par
825 944 1024 1023 Arcadiam
1047 944 1219 1025 LXVIII
1233 944 1295 1043 M3
1326 948 1372 1025 ab

313 1082 447 1158 eodem
473 1082 558 1157 loco
583 1080 631 1157 ad
653 1082 879 1159 Phliunta
900 1082 1000 1161 dicta
1025 1108 1200 1161 mensura
1224 1094 1294 1161 ost.

340 1260 408 1327 Ubi
433 1260 593 1328 tandem?
629 1260 760 1347 Nempe
785 1260 941 1329 sectione
964 1261 1022 1330 Vl.
1044 1263 1149 1349 inquit
1167 1262 1371 1347 Harduinus‚

264 1379 368 1445 idest
390 1376 565 1464 §.ld-‘vel
588 1380 639 1445 14.
691 1379 740 1446 Ibi
766 1391 878 1446 tamen
901 1380 1029 1448 frustra
1054 1401 1218 1467 quaeres=
1245 1378 1371 1469 al’ylo

265 1506 371 1561 autem
401 1494 592 1582 Olympiam
615 1496 678 1564 ΧΠ
695 1496 736 1564 Μ
751 1523 787 1585 p.
814 1502 940 1567 abesse
970 1499 1113 1566 videbis.
1178 1496 1253 1587 Pyli
1285 1498 1374 1566 enim

264 1634 382 1679 nomen
406 1611 452 1678 ibi
477 1610 568 1680 felici
594 1614 790 1681 coniectura
807 1613 1010 1683 Hermolaus
1023 1616 1195 1685 Barbarus
1217 1618 1372 1700 restituit,

264 1753 321 1821 pro
343 1752 411 1818 quo
428 1730 568 1798 codices
582 1730 743 1799 exhibent
762 1731 794 1799 Α
815 1728 888 1795 Plio
904 1728 960 1794 Rd
981 1726 1087 1796 Philo.
1131 1735 1233 1802 Iidem
1252 1746 1372 1803 nostro

263 1849 337 1915 loco
357 1848 511 1914 scribunt
535 1848 569 1916 A
588 1848 729 1915 Fla'unta
750 1844 1161 1940 R1Futuara,1ufluum,
1182 1848 1372 1935 dedicato,

263 1969 345 2035 unde
365 1968 425 2035 hic
447 1989 582 2055 qnoque
608 1968 823 2034 scribendum
850 1965 929 2032 erit:

704 2092 756 2160 ud
776 2092 922 2181 Pylum.

339 2222 371 2313 §.
384 2222 440 2289 26.
466 2223 570 2290 miror
595 2220 767 2311 aSilligio
791 2220 1003 2290 verissimam
1027 2220 1188 2290 Harduini
1213 2223 1372 2289 emenda-

264 2342 381 2408 tionem
401 2341 530 2427 sperni,
551 2342 607 2427 qui
628 2362 713 2426 pro:
735 2339 783 2404 Ia
800 2361 860 2403 oro
879 2346 989 2402 cutem
1010 2334 1101 2427 infra
1121 2336 1247 2404 ruebas
1256 2338 1373 2405 Ocalee

264 2460 319 2528 rel.
362 2456 471 2548 Infra
492 2458 618 2528 rheam
637 2459 671 2524 id
694 2470 748 2524 est
761 2456 943 2544 ‘tacuimus
965 2454 1054 2544 legit.
1104 2458 1210 2527 Porro
1232 2480 1252 2527 e
1273 2456 1373 2528 codd.

263 2578 646 2668 vestigiisscribendum
668 2578 732 2644 erit
755 2574 929 2664 Olyaram.

698 2747 926 2845 m=zm.

307 2901 426 2982 Locri
452 2901 587 2980 deiude
605 2900 857 3004 Epicnemidii
880 2899 1195 3002 cognominantur.
1223 2900 1373 3004 Oppida

310 3041 417 3142 Opus
440 3057 506 3114 ete.

333 3199 409 3268 Etsi
432 3219 521 3285 quae
539 3201 582 3265 de
591 3199 779 3266 Locrorum
797 3197 931 3285 oppidis
953 3197 1139 3280 ceduntur,
1161 3197 1279 3264 ordine
1299 3195 1373 3266 vul·

267 3317 304 3383 de
326 3318 527 3405 perturbato
555 3317 788 3407 proferuntur,
809 3316 855 3383 ita
879 3327 916 3383 ut
934 3315 1104 3406 Larymna
1127 3315 1219 3383 iuxta
1236 3312 1373 3404 Cephisi

264 3438 344 3505 ostia
370 3437 471 3504 situm
492 3436 537 3502 cd
563 3435 758 3503 ulteriorem
783 3433 964 3502 Locridem
988 3431 1233 3517 transferatur,
1260 3445 1373 3504 tamen

263 3556 433 3643 rixpotuit
444 3554 573 3623 Plinius
587 3565 654 3622 tam
669 3552 883 3641 negligenter
908 3563 1069 3620 auctores
1095 3575 1180 3620 suos
1199 3551 1373 3638 adhibere,

262 3685 293 3740 ut
316 3684 420 3760 caput
442 3672 665 3760 Opuntiorum
686 3670 875 3739 Locrorum
900 3671 1138 3760 Epicnemidiis
1165 3673 1373 3757 attrrhueret,

263 3791 346 3859 nulla
377 3791 607 3858 nobilissimae
644 3791 753 3891 genus
786 3791 919 3859 ratione
947 3789 1075 3859 habita.
1140 3793 1258 3878 ltaque
1291 3803 1373 3879 post

263 3908 478 3999 Epicnemidia·
498 3909 670 3978 excidisse
691 3907 850 4002 suspicor
870 3906 1057 3976 vocabula:

684 4035 724 4094 ct
745 4024 948 4116 Opuntii„

734 4176 892 4258 Ibidem.

335 4344 373 4410 ln
403 4343 627 4428 sequentibus
657 4345 771 4412 verbis
807 4345 946 4433 gravius
967 4341 1070 4407 etiam
1097 4341 1210 4412 vitium
1241 4339 1374 4409 videtur

266 4461 466 4540 commisisse
495 4470 530 4527 et
554 4461 612 4528 vix
636 4460 824 4530 ferendum.

303 4588 531 4670 Phocidis
557 4589 603 4668 in
627 4590 771 4670 litora
793 4617 927 4672 unum
953 4587 1148 4690 Daphnus.
1182 4586 1374 4664 Introrsus

824 4733 828 4736 ,
1116 4722 1164 4788 4,

1387 819 1431 889 ω
1500 814 1506 841 1

1388 2760 1432 2829 70

1390 4191 1432 4260 ⁷1
