3700 5625
726 772 817 856 liber
832 772 1003 850 mrsu.
1349 766 1424 835 *245

358 970 475 1054 „Duo
503 985 624 1055 genera
650 977 672 1034 a
691 967 801 1046 Selino
823 970 874 1036 20.
889 969 936 1057 ‘13
957 970 1182 1051 nominantur,
1207 969 1365 1049 ,melleum
1394 974 1427 1033 et

318 1064 520 1176 Falernum&
535 1087 646 1173 itaque
659 1087 766 1176 ¹verba
786 1088 830 1170 ‚in
854 1088 980 1173 quibus‘
1000 1088 1056 1154 rel.
1077 1086 1121 1153 ad
1142 1086 1292 1153 melleum
1314 1086 1427 1163 referri

318 1211 470 1290 apparet,
499 1208 545 1269 sio
566 1205 759 1270 ordinanda:
783 1217 812 1269 et
830 1212 862 1270 r‘n
877 1211 986 1285 quibas
1007 1210 1123 1272 decocti
1149 1242 1182 1251 ψ
1201 1212 1332 1285 placeat.
1373 1204 1427 1272 nx

318 1322 434 1387 eodem
446 1321 547 1401 Solini
566 1323 638 1390 loeo
660 1323 711 1396 20.
734 1326 828 1405 llet
851 1324 947 1389 Plinii
969 1323 1143 1389 narrationi
1165 1322 1285 1407 aliquid
1307 1320 1425 1390 addere

317 1440 410 1523 lieet,
432 1447 466 1505 et
485 1462 595 1505 rursus
619 1440 763 1505 Solinum
785 1442 918 1507 ePlinio
931 1442 1112 1505 emendare.
1136 1440 1425 1526 Seilioetglaeb'am
1472 1461 1474 1465 ’

316 1558 406 1623 iilam
427 1556 510 1623 XIII
530 1559 682 1644 librarum
704 1544 796 1645 546
819 1581 839 1625 a
861 1552 1095 1625 Germanorum
1123 1578 1200 1644 rege
1238 1557 1322 1625 dono
1349 1560 1425 1624 mis·

315 1666 388 1741 ‘sam
422 1696 494 1741 esse
516 1674 643 1742 Solinus
677 1697 827 1743 narrasse
857 1675 983 1743 videtur
1009 1676 1210 1741 bis'verbis:
1255 1696 1338 1759 ‚eum
1368 1697 1426 1762 per

315 1794 403 1857 idem
425 1800 552 1879 tempus
579 1793 842 1861 tredeoim'milia
867 1796 1020 1860 librarum
1046 1814 1104 1860 rex
1126 1794 1318 1859 Germaniae
1340 1794 1424 1859 ¹dono

317 1912 348 1977 ei
370 1912 514 1995 miserit,
534 1932 616 1998 quae
638 1912 665 1976 si
685 1920 773 1977 reete
794 1933 829 1977 se
850 1913 1019 1992 haberent,
1041 1932 1138 1999 quum
1151 1932 1270 1997 parvae
1283 1932 1302 1976 e
1314 1911 1424 1979 sueino

315 2029 477 2115 imagines
496 2029 642 2095 vivorum
661 2030 827 2096 bominum
853 2032 958 2116 pretia
980 2028 1343 2117 exsuperaredieautur
1366 2029 1425 2114 (ef.

315 2148 399 2215 Plin·
420 2148 452 2232 §-
472 2146 544 2233 lt),
576 2149 712 2214 iustam.
726 2148 795 2215 fere
816 2168 980 2213 servorum
1011 2149 1171 2233 legionem
1193 2147 1312 2213 donum
1346 2147 1425 2212 illud

310 2263 501 2351 aequasset.
544 2260 654 2346 Quod,
667 2265 713 2328 si
733 2287 764 2332 v.
785 2266 893 2348 ‚milia‘
917 2286 959 2331 ex
979 2266 1092 2331 ultima
1121 2266 1258 2351 proximi
1277 2264 1427 2330 vocabuli

315 2382 617 2467 littera-repetitum
638 2402 711 2447 esse
726 2390 874 2449 statuere
885 2385 970 2466 lieet,
992 2372 1142 2469 suppleta
1162 2404 1241 2447 vooe
1255 2383 1442 2468 ,glaebam‘·

316 2501 359 2566 ad
371 2501 496 2567 civilem
506 2500 637 2565 modum
645 2500 816 2566 redusitur.
838 2502 937 2587 Apud
954 2500 1092 2595 Plinium
1115 2508 1224 2569 autem
1245 2500 1331 2566 buno
1353 2520 1424 2571 seu-

315 2640 387 2683 sum
409 2618 504 2701 ,dono
527 2640 547 2683 a
569 2618 761 2693 Germaniae
782 2638 859 2705 rege
881 2620 1023 2685 missam⁴
1054 2619 1213 2699 excidisse
1235 2618 1423 2705 putaverim,

314 2738 367 2801 oui
389 2736 593 2801 coniecturae
613 2743 648 2800 ut
670 2738 703 2800 in
725 2739 842 2804 ceteris
863 2738 952 2804 libris
982 2714 1184 2803 damnandae
1206 2738 1239 2801 in
1260 2736 1321 2801 hoe
1341 2736 1423 2801 libro

275 2925 281 2931 ,
314 2847 421 2921 loeu'm
443 2851 576 2918 concedi
606 2831 677 2939 quis
699 2860 748 2919 est
778 2857 832 2942 qui
851 2839 973 2942 negare
1001 2857 1100 2920 velit?
1142 2847 1292 2941 Denique
1311 2876 1422 2921 vooem

316 2995 415 3038 oerum
436 2972 573 3056 margini
593 2971 667 3036 libri
687 2971 715 3034 B
737 2993 757 3037 a
777 2965 999 3038 recentissima
1021 2994 1134 3056 manu,
1163 2993 1180 3036 e
1203 2971 1365 3036 eodioibus
1387 2980 1424 3038 ut

313 3098 392 3177 ‘puto
413 3087 631 3174 interpolatis,
663 3091 821 3155 immerito
844 3089 987 3155 additam
1010 3112 1080 3155 esse
1111 3067 1197 3155 inde
1217 3089 1423 3176 consequitur

314 3206 402 3296 quod
424 3206 527 3292 prima
547 3205 656 3271 littera
676 3209 764 3273 vocis
778 3211 844 3272 Hoc
858 3208 980 3273 maiore
992 3205 1201 3294 amplitudine
1223 3214 1319 3292 atque
1338 3187 1423 3272 ultra

313 3331 501 3392 contextum
523 3331 671 3409 porrecto
693 3344 810 3391 novum
830 3315 930 3412 ¹eaput
952 3327 1043 3412 sequi
1065 3325 1311 3392 demonstratur.
1362 3325 1364 3337 '
1414 3323 1416 3341 ³

369 3466 373 3473 ’
473 3553 510 3572 ,.
551 3497 787 3584 ,55=4‚15.
828 3493 895 3586 (de
922 3493 1155 3586 adamante).
1271 3497 1275 3502 ’
1345 3565 1349 3572 ,
1441 3519 1503 3586 836

367 3669 409 3682 -
438 3625 489 3700 ita
515 3622 771 3723 appellabatur
793 3626 872 3702 euri
898 3625 1021 3704 nodus
1047 3625 1084 3705 in
1111 3623 1422 3726 metallisreper-

364 3766 424 3836 tus
450 3780 629 3869 perquam
655 3780 748 3846 raro,
775 3779 902 3835 eomes
930 3760 1028 3850 auri,
1070 3781 1141 3836 nee
1162 3759 1236 3834 uisi
1268 3759 1305 3834 in
1331 3779 1420 3839 euro
1468 3851 1470 3858 ,

328 3939 332 3949 -
364 3893 472 4005 nasei
493 3864 703 3994 uidebatur
724 3967 740 4002 4

346 4115 353 4128 0
397 4041 478 4106 Auri
505 4039 625 4104 nodum
652 4039 748 4103 Plinii
784 4041 883 4105 errori
911 4040 1023 4104 tribuit
1057 4040 1111 4124 qui
1133 4060 1153 4103 a
1175 4039 1241 4104 sill.
1271 4038 1421 4104 laudatur

314 4157 473 4226 Pinderue
495 4157 537 4221 de
559 4156 662 4221 adam.
685 4179 714 4242 p.
736 4158 789 4239 47,
821 4158 910 4222 illum
935 4161 1016 4222 euim
1039 4156 1184 4221 Platonis
1205 4156 1304 4221 verba
1327 4177 1345 4220 e
1367 4156 1420 4220 Ti·

185 4329 192 4339 .
313 4296 408 4342 maeo
440 4297 472 4361 p.
494 4274 535 4342 59
556 4282 679 4361 χρυσοῦ
716 4275 797 4356 ὄζος1
820 4276 904 4340 male
933 4277 1178 4360 interpretatum
1211 4293 1293 4338 esse.
1336 4274 1420 4348 Quid

313 4414 389 4460 vero
403 4392 517 4459 ,Plinio
539 4413 612 4460 eum
633 4394 787 4458 Timaeo?
829 4394 938 4480 Atque
960 4399 1099 4458 erratum
1133 4397 1183 4456 est
1203 4391 1290 4456 haud
1313 4391 1420 4474 dubie,

313 4529 419 4596 neque
442 4516 551 4577 tamen
574 4531 594 4574 a
615 4511 719 4576 Plinio
741 4511 801 4574 sed
823 4531 843 4574 a
864 4511 1012 4578 librariis.
1055 4509 1171 4574 Verbis
1194 4509 1279 4574 enim
1299 4529 1420 4593 ‚eomes

314 4629 405 4714 auri‘¹
428 4646 512 4716 quae
533 4627 650 4692 desunt
671 4628 703 4691 in
723 4628 753 4693 B
782 4648 819 4692 eo
842 4648 905 4713 quo
934 4629 1029 4714 vulgo
1058 4630 1208 4714 leguntur
1235 4628 1306 4694 loeo
1322 4703 1324 4706 ¹
1338 4648 1421 4714 quae
1495 4627 1497 4646 '

312 4744 676 4840 praeesduntquaeque
698 4753 874 4832 sequuntur
894 4747 1029 4814 moleste
1051 4751 1253 4832 repetuntur;
1289 4766 1371 4833 quae
1393 4747 1421 4814 ei
