3700 5625
684 761 776 836 ,aaa
807 756 963 837 rrrrn.
1317 741 1376 837 161³

196 974 197 979 ’
273 933 369 1032 rerba
391 947 477 1054 quae
497 976 612 1054 postea
641 969 830 1034 exciderunt
853 971 885 1033 in
907 971 1051 1054 margine
1081 969 1190 1033 addita
1212 962 1381 1032 videantur

274 1106 361 1168 esse,
385 1085 466 1151 haec
488 1087 555 1151 lere
576 1089 609 1151 in
633 1107 672 1150 eo
694 1088 769 1152 olim
792 1091 912 1174 scripta
933 1090 1077 1152 extitisse
1100 1087 1275 1151 concedes:

325 1205 475 1248 svrualolt
488 1207 642 1246 mausus
655 1207 763 1250 santus
776 1209 897 1249 'I'ANGAN

328 1294 388 1334 'I'VR
404 1295 462 1334 Eos
479 1295 558 1335 HAEC
572 1295 731 1336 casumve
745 1297 815 1336 Rl'l'lt
829 1297 909 1336 ruem
922 1296 999 1336 tubero
1015 1303 1052 1334 snt

326 1382 478 1422 uxamam
491 1383 680 1424 maravanrv
695 1383 722 1422 SI
740 1383 890 1423 postulans

324 1467 499 1510 senorum
511 1470 617 1510 munus
632 1471 651 1509 Α
666 1469 793 1512 numen
810 1471 909 1511 TBRNA
918 1472 1047 1522 precatione

329 1554 440 1598 Aneros
458 1557 625 1606 QVAMQVAM
639 1558 724 1598 lLLOS
738 1559 900 1608 RELlGlONB
914 1563 990 1600 mutus
1004 1563 1068 1597 tuca-

324 1646 391 1685 TVR.

353 1729 462 1804 Quam
484 1729 769 1813 interrogationem
791 1731 987 1817 indignantis
1011 1731 1172 1816 scriptoris
1195 1749 1267 1794 csse
1287 1731 1383 1794 lanus

276 1847 511 1912 animadvertit.
539 1849 583 1911 At
605 1853 671 1911 illos
691 1849 712 1912 i.
734 1869 762 1913 e.
785 1870 849 1913 non
871 1849 1021 1931 infantes,
1045 1849 1084 1912 de
1107 1847 1222 1934 q‘uibus
1246 1867 1286 1910 nc
1309 1867 1381 1910 cum

276 1966 434 2030 Gronorio
456 1964 633 2048 cogitemus
656 1965 708 2029 vel
728 1986 860 2030 numero
882 1967 1100 2052 prohibemur,
1134 1965 1192 2028 sed
1215 1971 1380 2028 auctorum

276 2083 520 2168 superstitiones
554 2081 684 2146 defendi
705 2083 826 2146 Plinius
855 2077 968 2148 fascini
991 2084 1145 2169 religione
1169 2084 1213 2146 ait
1244 2083 1297 2167 qui
1318 2102 1382 2145 non

277 2202 414 2265 infantes
438 2204 562 2263 tantum
578 2186 1073 2286 sedetiamtriumphantestueri
1087 2201 1251 2283 credatur,
1274 2207 1381 2263 etms·
1409 2237 1415 2246 ·

277 2331 326 2381 tac
343 2317 475 2403 quidem
491 2316 656 2401 religione,
678 2317 774 2382 itaut
796 2318 823 2380 si
845 2317 890 2381 illi
912 2318 1026 2383 fascini
1048 2321 1119 2384 vim
1133 2320 1241 2403 pueris
1264 2319 1382 2414 saluta·

276 2435 530 2515 rcmadmittant,
544 2454 585 2497 ne
599 2435 683 2519 sputi
697 2434 825 2520 quidem
841 2412 1017 2500 efficaciam
1026 2438 1079 2522 qui
1093 2437 1252 2501 fascinum
1266 2437 1383 2515 colant,

196 2552 198 2561 ’
276 2561 403 2639 negent.
442 2551 482 2615 V.
498 2558 603 2631 reticio
627 2552 772 2617 similiter
792 2559 964 2638 usurpatur
981 2556 1007 2638 ξ.
1020 2554 1068 2622 65.
1094 2555 1252 2619 Particula
1275 2559 1383 2617 autem

196 2700 198 2704 ·
278 2691 456 2750 quamquem
479 2671 568 2735 verbi
596 2656 716 2734 tsectur
750 2672 986 2737 coniunctivum
1018 2673 1086 2757 regi
1124 2693 1187 2736 non
1222 2679 1271 2737 est
1299 2672 1384 2757 quod

197 2819 211 2854 r.
279 2790 416 2872 mireris,
440 2789 479 2853 cf.
501 2787 589 2853 XVI.
612 2789 681 2857 tsst.

196 2911 199 2919 '
354 2907 497 2990 Reliqua
518 2915 645 2991 praeter
666 2931 694 2971 r.
716 2891 850 2989 recipere
871 2931 966 2995 quam
985 2909 1051 2974 Sili.
1074 2909 1178 2973 inutili
1198 2908 1382 2972 coniectura

281 3026 437 3099 (Prellero
461 3024 621 3109 placuisse
645 3026 775 3111 mythol.
797 3027 890 3092 Rom.
914 3049 945 3113 p.
959 3026 1223 3093 2tl'rsatismirari
1236 3036 1378 3110 nequeo)

277 3149 451 3224 resipiscere
473 3142 621 3225 tentavit,
655 3145 747 3228 quasi
768 3145 946 3226 insanirent
975 3143 1240 3228 triumphatores,
1259 3128 1380 3207 'nescio

195 3281 201 3302 ²
279 3263 346 3346 quis
368 3268 445 3325 ante
467 3260 726 3346 Dalecampium,
756 3262 974 3349 Rho'diginus,
1004 3268 1038 3326 ut
1061 3260 1127 3325 Sill.
1150 3262 1262 3343 refert,
1296 3268 1382 3324 recte

195 3409 200 3420 ν
278 3379 308 3441 in
329 3359 482 3459 respicere
512 3378 664 3460 mutarit,
697 3368 775 3444 non⁴
793 3388 859 3445 tam
893 3381 1083 3467 corrigenda
1116 3401 1211 3466 quam
1244 3400 1261 3443 e
1293 3378 1382 3443 libris

196 3503 198 3511 ’
279 3495 364 3563 MSS.
387 3495 588 3560 restituenda
620 3502 722 3561 eruut.
765 3495 1008 3584 Praepositione
1041 3524 1061 3563 c
1093 3520 1175 3585 quae
1204 3499 1236 3561 in
1266 3496 1286 3559 d
1314 3497 1381 3561 solo

196 3647 199 3654 ·
278 3613 391 3698 legitur
415 3618 588 3697 expuncta
604 3614 762 3680 lasciuum
783 3636 847 3679 non
878 3610 1095 3702 avirginibus
1121 3615 1303 3681 Vestalibus
1326 3612 1383 3678 sed

195 3762 200 3774 ι
279 3729 367 3795 iestis
379 3730 560 3795 Vestalium
575 3732 689 3796 diebus
702 3732 763 3797 coli
781 3734 908 3798 solitum
923 3755 996 3799 esse
1013 3735 1173 3831 discimus,
1197 3733 1382 3819 adquorum

280 3848 432 3913 laetitiam
455 3848 743 3914 concelebrandam
770 3872 867 3936 quum
891 3854 989 3917 etiam
1017 3852 1106 3915 aselli
1128 3851 1382 3931 admitterentur,
1481 3879 1486 3886 ·

196 3971 200 4010 ἕ
281 3988 368 4031 suum
386 3958 511 4031 fascino
533 3968 638 4031 locum
660 3968 759 4035 fuisse
781 3969 977 4057 intelligitur.
1000 3971 1080 4034 Tum
1103 3990 1121 4032 e
1145 3968 1214 4033 cod.
1237 3968 1267 4031 R
1287 3967 1382 4031 lectio

196 4127 197 4130 κ
284 4089 382 4147 eodem
407 4084 579 4169 recipiatur
601 4092 735 4171 oportet.
757 4086 840 4151 Nam
858 4094 1139 4167 medicinaliaouae
1152 4107 1248 4174 quum
1269 4084 1384 4149 fascini

282 4172 381 4267 similis
400 4208 543 4285 vocetur,
566 4202 691 4287 signum
711 4211 743 4268 et
764 4205 869 4290 ipsum
888 4206 988 4271 fuisse
1011 4206 1130 4287 debuit,
1153 4207 1273 4291 lingua,
1296 4212 1383 4287 puta,

283 4318 432 4383 Medusae
455 4326 584 4383 exserta
612 4342 695 4407 quae
723 4323 866 4408 posticae
894 4345 1004 4390 currus
1032 4324 1115 4410 parti
1148 4322 1245 4389 affixa
1273 4322 1383 4387 trium-

284 4435 430 4521 phantem
453 4441 556 4501 eodem
577 4438 597 4502 i.
621 4458 648 4502 e.
671 4460 755 4525 pone
778 4461 813 4505 se
835 4442 995 4526 respicere
1018 4442 1153 4508 iuberet.

360 4554 451 4628 Quae
482 4554 509 4617 si
541 4561 628 4620 recte
659 4556 815 4624 hactenus
844 4560 1008 4646 disputata
1030 4565 1120 4645 sunt,
1153 4561 1273 4624 Plinius
1307 4558 1384 4623 satis

290 4670 409 4753 quidem
431 4670 621 4756 obscuram,
658 4675 808 4763 ‚sed-nou
830 4677 1047 4764 inelegantem
1069 4678 1171 4743 hence
1194 4680 1384 4745 sententiam

290 4788 446 4874 scripsisse
467 4790 631 4876 putandus
655 4800 719 4857 est:
1121 4882 1161 4948 11
