3700 5625
488 568 551 635 lat
956 569 1057 640 laiss·
1079 571 1167 641 VII.

488 755 650 821 cinctorio
676 753 730 821 vel
750 755 906 823 tinctorio
929 758 993 824 sed
1012 777 1034 822 a
1054 757 1209 832 *cinctorc
1233 755 1287 822 vel
1308 757 1453 822 tinctore
1475 757 1602 822 ducen-
1654 730 1655 739 ἵ

488 874 566 938 dum
598 882 666 952 est,
700 874 791 958 quod
812 895 981 960 nunquam
1008 874 1208 941 homicidam
1237 874 1428 961 significare
1459 875 1600 958 poterit.

486 990 609 1056 Melius
630 1011 714 1058 sane
729 993 915 1060 Salmasius
937 1015 969 1080 p.
981 993 1055 1064 188.
1074 994 1114 1061 D.
1136 995 1173 1058 ia
1187 995 1343 1059 cinctorio
1363 994 1522 1077 coniecit,
1545 1014 1602 1060 ve·

486 1131 559 1175 rum
590 1111 679 1195 quod
709 1110 843 1196 liuguae
874 1111 1007 1197 quidem
1038 1110 1169 1196 legibus
1199 1123 1483 1197 consentaneum,
1511 1112 1602 1177 idem

486 1229 601 1294 sensui
623 1227 722 1294 huius
741 1228 807 1295 loci
828 1229 931 1314 plane
958 1238 1012 1295 est
1041 1231 1254 1296 contrarium.
1306 1229 1424 1316 Neque
1446 1232 1537 1295 enim
1557 1231 1601 1295 de

486 1347 612 1414 crudeli
634 1347 757 1428 animo,
777 1370 875 1434 quem
896 1349 1051 1434 proximo
1068 1350 1240 1414 enuntiato
1260 1361 1600 1430 commemoraverat,

487 1467 550 1532 sed
577 1467 619 1530 dc
648 1467 809 1551 superbia
830 1465 975 1530 humana
996 1465 1141 1551 loquitur
1166 1462 1302 1533 Plinius.
1354 1465 1475 1529 Tincta
1492 1465 1601 1555 plor-ia

486 1586 605 1650 audaci
627 1588 807 1651 mutatione
830 1586 1044 1651 scribendum
1063 1574 1144 1650 esse
1165 1583 1312 1670 Silligius
1334 1585 1481 1668 putavit,
1502 1584 1600 1670 quasi

487 1724 569 1770 vcro
596 1715 653 1769 aut
679 1705 721 1769 dc
747 1703 875 1790 gloriae
904 1704 1060 1790 cupidine
1087 1725 1197 1791 neque
1223 1705 1266 1769 de
1292 1705 1402 1768 auimo
1430 1725 1599 1790 prospera

485 1824 619 1891 fortuna
647 1822 762 1890 inflato
788 1845 900 1889 sermo
930 1834 1024 1890 esset
1053 1836 1111 1889 aut
1140 1824 1260 1889 ruentis
1289 1821 1428 1900 ellectu,
1457 1822 1480 1886 i.
1495 1843 1526 1887 e.
1548 1822 1600 1886 sui

485 1943 628 2028 quadam
656 1954 754 2028 parte
779 1964 845 2008 nec
869 1964 908 2009 re
935 1944 1079 2032 quadam
1101 1954 1242 2008 externa
1262 1943 1392 2007 animus
1413 1941 1496 2025 tingi
1518 1963 1600 2026 pos-

406 2035 410 2046 *
481 2072 547 2128 set.
603 2055 748 2126 Codices
773 2072 885 2126 autem
913 2063 961 2126 ita
989 2062 1140 2126 scribunt
1171 2058 1341 2144 (nonnulli
1367 2067 1477 2122 tomen
1506 2059 1600 2123 inse·

484 2180 598 2264 runt):
629 2179 661 2244 R
683 2200 724 2243 cu
743 2201 870 2266 semper
893 2180 1064 2262 tinctorio,
1085 2179 1236 2247 Murbac.
1256 2179 1356 2245 codd.
1373 2178 1476 2242 Turn.
1493 2177 1600 2244 llard.

485 2298 626 2366 occiso
649 2317 777 2382 seraper
803 2296 973 2375 tinctorio,
1001 2298 1101 2364 codd.
1123 2295 1224 2363 Voss.
1254 2298 1348 2361 cuias
1374 2317 1503 2382 seraper
1529 2297 1599 2360 cira·

485 2415 598 2498 cloria,
619 2414 718 2480 codd.
736 2414 837 2482 Barb.
852 2412 927 2479 Gel.
948 2413 999 2478 'l'd
1019 2414 1105 2499 Reg.
1118 2414 1148 2479 2.
1162 2433 1219 2499 ap.
1234 2413 1337 2480 Hard.
1357 2415 1452 2476 cuius
1471 2435 1600 2500 semper

484 2531 633 2610 uictoria.
665 2531 809 2595 Primum
828 2531 929 2614 igitur
943 2551 985 2596 eo
999 2551 1166 2616 peccasse
1179 2533 1335 2597 videntur
1346 2531 1483 2614 librarii,
1506 2532 1599 2616 quod

484 2648 630 2714 ultimam
660 2648 866 2733 pronominis
896 2649 990 2712 cuias
1018 2646 1161 2713 litteram
1194 2669 1302 2734 pravo
1332 2647 1599 2732 redupliearunt,

485 2766 606 2832 deinde
628 2763 792 2851 gliscente
813 2764 911 2844 vitio,
934 2786 1033 2852 quum
1053 2765 1100 2831 ita
1121 2764 1318 2832 vocabulum
1337 2787 1464 2854 seraper
1483 2779 1599 2833 natum

485 2896 589 2968 esset,
609 2896 778 2949 extremas
791 2882 944 2969 syllabas
965 2903 1053 2969 qnae
1067 2904 1135 2949 uon
1151 2885 1216 2949 nisi
1236 2884 1424 2949 terminatio
1436 2883 1598 2970 longioris

483 3004 579 3068 vocis
589 3010 717 3086 essent,
727 3022 789 3085 pro
802 3002 904 3086 pleno
918 3000 1083 3066 vocabolo
1097 3002 1285 3067 habueruut
1294 3013 1396 3088 atque
1406 3024 1450 3068 ex
1461 3004 1599 3090 ingenio

484 3122 663 3187 emendare
687 3122 798 3187 conati
820 3131 907 3189 suut.
951 3121 1051 3197 Quod
1075 3121 1106 3185 si
1127 3122 1237 3187 animo
1258 3124 1488 3207 reputaveris,
1519 3145 1598 3209 pro·

483 3228 571 3307 aime
594 3243 637 3307 ad
651 3262 766 3307 veram
788 3242 988 3327 scripturam
1010 3262 1085 3306 eam
1105 3242 1275 3308 accedere
1295 3239 1473 3325 intelliges,
1495 3260 1597 3327 quam

483 3358 597 3424 ultimo
624 3357 699 3424 loco
732 3360 846 3444 posui,
879 3378 922 3423 ac
950 3359 1056 3443 prima
1088 3355 1219 3443 syllaba
1241 3367 1366 3423 mutata
1387 3358 1597 3441 aptissimum

483 3476 681 3540 adiectivum
715 3475 935 3541 nancisceris.
995 3475 1083 3549 Quid
1114 3473 1238 3539 multa‘l
1272 3475 1489 3540 scribendum
1523 3487 1596 3542 est:

483 3595 578 3658 cuius
606 3593 873 3679 imperatorio
893 3600 942 3655 est
960 3614 1061 3657 meas.
1104 3590 1311 3659 Gradatioue
1334 3595 1420 3659 enim
1440 3615 1525 3661 usus
1542 3608 1597 3662 est

422 3764 425 3769 Α
483 3711 608 3776 Plinius
628 3709 799 3776 rhetorico
820 3708 937 3794 generi
955 3709 1087 3773 dicendi
1102 3730 1261 3797 perquam
1274 3714 1538 3791 accommodata,
1559 3725 1597 3779 ut

482 3830 526 3897 ad
560 3848 721 3895 summam
753 3828 832 3894 elati
867 3826 967 3891 animi
995 3827 1167 3926 vesaniam
1200 3830 1363 3912 gradibus
1394 3832 1594 3917 quibusdam

482 3951 692 4019 ascenderet.
743 3949 921 4032 luceperat
939 3966 961 4010 a
979 3948 1133 4031 corporis
1153 3947 1296 4026 viribus,
1321 3960 1388 4013 tum
1403 3947 1470 4015 loci
1487 3949 1595 4015 Hora·

482 4070 561 4134 tiani
584 4070 676 4153 (Sat
688 4067 727 4131 11.
740 4065 842 4152 ste)
863 4086 991 4132 memor
1011 4066 1055 4130 ad
1077 4063 1228 4132 alumnos
1248 4066 1432 4151 Fortunae,
1451 4070 1509 4155 qui
1527 4072 1595 4136 iam

482 4186 622 4251 filiieius
636 4184 788 4251 essesibi
801 4183 1012 4269 videbantur,
1032 4184 1158 4269 pergit3
1180 4187 1299 4251 transit
1318 4187 1438 4251 deinde
1460 4188 1505 4251 ad
1522 4206 1595 4267 eos,

482 4305 538 4391 qui
559 4323 599 4370 se
617 4303 661 4367 ad
682 4302 909 4385 imperandum
929 4312 1029 4368 natos
1049 4322 1129 4368 esse
1147 4304 1407 4386 arbitrabantur,
1427 4307 1523 4391 ipsos
1537 4309 1595 4373 im.

481 4435 662 4512 peratores
687 4431 721 4487 et
747 4420 803 4507 qui
831 4420 906 4488 fore
935 4432 970 4487 ut
992 4421 1260 4506 adipiscerentur
1280 4424 1454 4509 imperium
1475 4446 1595 4512 spera·

482 4545 574 4625 baut,
588 4550 762 4629 postremo
784 4537 955 4625 Caligulas
976 4548 1012 4605 et
1030 4536 1178 4626 reliquos
1199 4539 1380 4628 significat,
1400 4543 1474 4631 qui,
1493 4564 1595 4632 quum
