3700 5625
516 573 577 643 ma
963 577 1064 646 aaa
1082 577 1172 674 aar.

552 797 554 804 ·
596 762 713 830 Nicaei
732 783 853 831 nomen
877 768 909 832 in
931 766 1013 831 viris
1033 766 1215 831 inauditam
1234 779 1288 832 est
1308 767 1404 849 alias,
1425 788 1529 856 quare
1549 769 1616 836 levi

511 879 659 951 fortasse
680 886 859 950 mutatione
881 886 1094 951 scribendum
1105 897 1158 951 ast
1179 887 1312 956 Niciae.
1357 889 1515 956 Getarum
1533 888 1616 954 haec

510 1021 576 1068 non
601 1025 642 1070 ex
660 1004 852 1071 Aristotelis
872 1005 967 1072 libris
987 1007 1209 1091 transscripta
1233 1027 1313 1072 esse
1331 1009 1502 1091 ridentur,
1532 1029 1615 1094 quos

511 1121 609 1186 affert
630 1133 708 1207 post
729 1123 812 1190 alios
838 1125 994 1211 Silligius.
1035 1126 1154 1212 Neque
1181 1127 1267 1190 enim
1287 1126 1415 1192 Niciam
1437 1129 1616 1194 nominavit

510 1238 711 1306 Aristoteles
730 1262 839 1328 neque
864 1241 1059 1328 Byzantium
1079 1243 1247 1309 hominem
1268 1245 1462 1329 appellavit,
1483 1248 1614 1311 sedvel

482 1394 484 1402 ·
511 1358 659 1424 Siculum
682 1359 764 1426 llist.
777 1362 872 1426 anim.
882 1362 952 1426 Vll.
962 1361 993 1428 6.
1013 1361 1067 1428 vel
1090 1361 1206 1428 Eleum
1228 1364 1282 1428 De
1302 1375 1387 1448 part.
1406 1366 1508 1435 anim.
1529 1367 1552 1433 Ι.
1568 1367 1613 1431 18.

429 1897 492 1962 157

509 1475 671 1544 Fortasse
693 1477 863 1560 aDuride‚
887 1489 924 1543 ut
937 1479 1016 1563 alia,
1036 1481 1360 1565 acceperatjPlioius
1381 1503 1480 1568 quem
1501 1483 1614 1550 librum

508 1593 575 1682 περὶ
597 1595 737 1683 ἀγώνων
754 1597 937 1682 scripsisse
959 1609 1106 1690 constat,
1146 1600 1262 1666 Obiter
1283 1621 1404 1666 moneo
1423 1602 1454 1690 §.
1468 1602 1522 1672 50.
1543 1605 1613 1668 sine

510 1714 610 1812 dubio
634 1725 725 1781 recte
749 1715 934 1782 Pintianum
954 1716 1136 1801 scripsisse
1159 1717 1253 1780 tertio
1272 1726 1372 1803 partu
1393 1727 1425 1782 et
1445 1742 1593 1784 coemto.

841 1884 1132 1978 67=1s,130t
1147 1883 1282 1979 1o,1t.

557 2035 663 2138 Ergo
697 2061 781 2112 cnm
812 2036 980 2136 grauidis
1002 2035 1113 2112 fluxit
1138 2035 1434 2138 (mmmmm),
1467 2038 1613 2114 invalidi

559 2183 622 2249 aut
654 2197 730 2249 non
762 2173 891 2251 vitales
923 2184 1053 2275 partus
1091 2173 1252 2249 eduntur
1287 2182 1351 2248 aut
1382 2173 1539 2268 scripsi,
1574 2184 1613 2248 ut

558 2319 688 2386 auctor
714 2319 772 2384 est
796 2308 980 2410 Nigidius.

556 2443 662 2520 Idem
688 2445 746 2518 lac
770 2444 927 2518 feminae
952 2468 1028 2556 non
1052 2440 1238 2542 corrumpi
1265 2441 1376 2517 alenti
1401 2450 1561 2542 partum,
1583 2440 1612 2515 si

557 2606 606 2656 ex
631 2577 763 2656 eodem
788 2581 868 2658 viro
896 2607 1028 2657 rursus
1055 2579 1280 2682 conceperit,
1307 2580 1518 2655 arbitratur.

554 2715 761 2816 Incipiente
794 2725 916 2795 autem
949 2717 1023 2792 hoo
1048 2726 1148 2792 statu
1178 2727 1243 2792 aut
1265 2715 1458 2810 desinente
1483 2739 1611 2791 conce-

555 2861 641 2953 ptus
667 2852 831 2927 facillimi
854 2822 1050 2929 traduntur
1077 2859 1158 2927 rel.-

587 3022 780 3087 Secundum
802 3023 1006 3087 enuntiatum
1031 3024 1074 3087 ab
1102 3019 1171 3089 nl.
1193 3040 1336 3105 prorsus
1362 3019 1506 3085 alianum
1534 3042 1610 3086 esse

503 3140 576 3225 quis
598 3151 651 3205 est
672 3141 749 3225 quin
770 3140 903 3206 videat?
945 3139 1123 3205 Artissima
1146 3138 1233 3202 enim
1254 3138 1387 3203 tertium
1406 3159 1482 3202 cum
1503 3140 1610 3222 primo

502 3258 690 3325 cohaerere
716 3261 771 3326 vel
801 3283 842 3326 eo
874 3260 1139 3337 demonstratur,
1166 3259 1254 3344 quod
1282 3255 1371 3320 bunc
1394 3266 1517 3321 statam
1544 3279 1609 3323 non

501 3396 575 3441 eum
599 3378 676 3441 dicit
694 3376 831 3456 Plinius,
853 3377 909 3461 qui
928 3388 1008 3461 post
1028 3377 1242 3461 puerperium
1264 3374 1384 3441 olentis
1405 3375 1448 3441 sit
1468 3374 1611 3440 feminae

485 3493 561 3557 sed
582 3514 655 3558 eum
676 3515 740 3579 quo
763 3492 940 3558 facillimus
962 3502 1148 3576 conceptus
1170 3490 1237 3558 liat.
1292 3492 1399 3567 Quem
1424 3513 1497 3557 oum
1519 3514 1610 3557 men·

498 3614 584 3679 sium
611 3612 702 3677 initio
731 3622 765 3677 et
790 3611 856 3676 fine
882 3610 957 3677 sere
977 3612 1188 3676 coniunctum
1210 3630 1289 3676 esse
1311 3621 1345 3675 et
1366 3620 1489 3696 postea
1510 3610 1609 3676 Gale

497 3752 562 3797 nus
583 3731 636 3797 De
657 3732 743 3796 uteri
766 3731 900 3799 disseot.
920 3752 951 3795 o.
969 3729 1020 3794 10.
1051 3731 1176 3795 diserte
1203 3728 1316 3795 retulit
1346 3740 1380 3795 et
1407 3730 1609 3797 Aristoteles

498 3848 581 3916 Hist.
594 3846 774 3915 anim.Vll.
787 3848 818 3915 2.
839 3848 1056 3913 indicaverat.
1099 3848 1218 3933 Neque
1239 3868 1321 3914 vero
1344 3851 1607 3934 transponendo,

497 3980 533 4033 ut
554 3970 586 4033 in
607 3970 647 4035 iis
669 3966 765 4052 locis,
788 3987 873 4053 quos
897 3986 1002 4050 supra
1021 3966 1260 4050 tractabamus,
1284 3966 1398 4031 verba·
1412 3966 1509 4031 Plinii
1531 3990 1608 4053 per·

496 4091 609 4155 sanari
637 4098 810 4173 poterunt,
839 4108 938 4172 quum
965 4082 1085 4171 Nigidii
1117 4105 1214 4171 quem
1241 4106 1280 4149 se
1308 4086 1481 4149 auctorem
1512 4086 1608 4171 sequi

496 4224 583 4270 voce
603 4206 700 4270 Idem
723 4207 885 4285 declarat,
906 4226 1070 4292 nusquam
1088 4216 1268 4289 praeterea
1288 4206 1321 4268 in
1335 4214 1404 4269 toto
1416 4204 1502 4270 libro
1518 4227 1607 4271 men·

480 4310 540 4388 ftio
567 4322 633 4388 fiat.
684 4324 857 4407 Nigidium
878 4334 987 4388 autem
1013 4321 1106 4388 libris
1134 4322 1176 4386 de
1202 4320 1398 4388 animalibus
1424 4322 1606 4389 Aristotele

494 4452 679 4525 praeeunte
693 4440 735 4507 de
748 4452 847 4527 partu
856 4440 1002 4505 humano
1020 4440 1215 4525 disputasse
1224 4440 1381 4520 arbitror,
1401 4459 1502 4525 qaum
1521 4462 1606 4528 opus

494 4560 567 4643 „de
581 4558 750 4631 hominum
772 4557 1020 4641 mtumtm‘t
1041 4558 1085 4632 ad
1104 4559 1199 4645 quod
1217 4557 1329 4631 locam
1347 4567 1500 4635 ιιοιιιιιιιι
1521 4558 1605 4629 llut-
