3700 5625
719 764 810 826 rner
830 764 955 826 arri.
1021 720 1023 726 ’
1263 756 1266 770 ·
1331 762 1393 833 197

289 958 358 1021 sele
379 958 583 1023 emebantur.
626 958 786 1023 Differ-uui
806 958 904 1043 igitur
934 978 1017 1043 quae
1039 958 1090 1023 hio
1111 958 1280 1024 truduntur
1300 978 1392 1044 prae·

288 1082 384 1161 septe
404 1097 424 1140 a
445 1076 643 1141 Diosooridis
671 1076 742 1141 loeo
764 1075 803 1141 V.
826 1076 903 1158 tas,
941 1075 996 1140 ubi
1032 1078 1079 1141 sal
1116 1076 1157 1141 ad
1188 1076 1393 1143 molliendam

253 1174 262 1193 ⁰
286 1194 487 1257 vinnulorum
508 1193 656 1258 duritiem
677 1194 797 1280 imponi
818 1194 953 1260 videtur.

563 1314 816 1401 125=11m
847 1311 915 1403 (de
942 1311 1148 1413 spongiis).
1414 1312 1476 1384 703

336 1443 454 1520 iidem
481 1442 686 1542 (penicilli)
734 1444 1008 1543 abstergendae
1043 1442 1251 1545 lippitudini
1278 1444 1393 1521 utilis-

337 1578 441 1667 simi,
491 1597 632 1675 eosque
671 1577 909 1655 tenuissimos
952 1584 990 1654 et
1027 1574 1264 1656 mollissimos
1308 1601 1393 1656 esse

338 1712 498 1809 oportet.
558 1745 563 1757 ,
955 1706 960 1715 '

369 1840 423 1905 Ita
450 1840 516 1905 Sill.
547 1838 615 1904 Ian.
654 1838 823 1904 Gelonium
856 1841 991 1927 eiusque
1026 1840 1154 1906 oodiees
1191 1842 1301 1905 seouti.
1345 1843 1395 1905 De

287 1960 404 2046 quibus
426 1956 503 2044 quid
523 1954 731 2021 iudioandum
753 1958 808 2039 sit,
843 1960 993 2044 quoniam
1021 1960 1127 2023 minus
1158 1964 1311 2040 oonstet‚·
1335 1978 1394 2023 nos

286 2076 407 2141 nostris
442 2074 606 2139 oodieibus
641 2095 775 2160 quorum
797 2082 948 2139 aoourata
975 2076 1089 2141 notitia
1109 2066 1234 2141 illorum
1256 2076 1395 2141 virorum

286 2193 456 2258 doetorum
478 2191 664 2277 diligentiae
686 2192 836 2271 debetur,
863 2192 985 2257 firmius
1003 2194 1196 2257 insistemus.
1224 2200 1394 2258 salensis·
1496 2232 1500 2246 ‹

284 2319 436 2389 simusque
458 2320 575 2389 oportet
594 2309 695 2392 Rev,
729 2310 854 2394 plenius
885 2310 972 2373 idem
993 2310 1171 2375 Vossianus
1202 2310 1302 2385 aliero
1323 2312 1394 2377 loeo

286 2450 364 2522 quos
386 2448 470 2514 quae
499 2448 520 2491 a
547 2425 670 2491 XXXI.
709 2426 767 2492 118
794 2447 895 2513 usque
927 2414 969 2491 ad
1000 2426 1139 2492 XXXII.
1162 2429 1203 2495 57
1235 2430 1394 2514 leguntur,

285 2548 409 2633 pariter
430 2547 580 2630 atquem
601 2544 646 2607 R²
668 2550 856 2629 repettmtur
881 2543 1041 2627 (unsis.
1065 2546 1241 2631 appellet),
1268 2547 1394 2632 plenius

285 2666 386 2751 igitur
408 2662 533 2749 ψΩΒ2
556 2682 592 2725 ea
614 2667 801 2725 tenuissimos
821 2673 849 2726 et
868 2668 1112 2742 mollissimosque
1133 2674 1266 2745 oportet,
1297 2663 1395 2729 iidem
1468 2705 1475 2717 ·

286 2801 401 2846 vooem
422 2780 601 2865 proximam
622 2780 736 2845 litteris
758 2800 784 2861 e,
806 2802 835 2861 a,
856 2800 893 2844 ae
913 2779 1036 2846 finiunt.
1073 2779 1168 2846 Unde
1190 2780 1304 2846 endem
1327 2780 1396 2847 iore

287 2899 450 2995 sententia
482 2897 596 2983 quibus
625 2899 761 2984 scriptor
787 2919 864 2962 usus
886 2898 986 2962 fuisse
1018 2897 1165 2963 videatur
1195 2899 1276 2964 haee
1297 2899 1397 2964 verita

287 3017 500 3081 extrioamus:
534 3020 695 3095 utilissimi,
718 3037 761 3080 aa
782 3036 824 3080 eo
844 3015 880 3101 (i.
905 3035 933 3090 e,
956 3023 988 3082 et
1009 3016 1098 3099 ideo,
1135 3016 1173 3084 el.
1195 3016 1300 3084 XVII.
1324 3018 1395 3100 127,
1494 3019 1496 3026 '

286 3131 412 3198 XXXI.
425 3134 484 3213 31)
506 3140 691 3197 tenuissimos
711 3153 776 3196 esse
794 3138 1037 3214 mollissimosque
1058 3144 1184 3214 oportet.

694 3251 1004 3328 ffl=fflm
1346 3267 1479 3356 ·m

339 3383 385 3460 Ili
411 3384 514 3484 ipsae
545 3390 779 3484 (spongeae)
823 3383 1016 3460 vulnerum
1049 3384 1395 3464 inflammationibus
1422 3407 1425 3410 ·

337 3517 591 3616 imponuntur,
628 3516 894 3606 nannetense,
934 3539 1032 3593 nune
1058 3524 1165 3595 aceto
1192 3519 1395 3619 adspersae

332 3647 406 3726 rel.
1128 3716 1132 3722 .

371 3779 544 3866 Vulgatem
572 3780 655 3845 hano
676 3781 848 3845 lectionem
875 3801 970 3866 quam
999 3782 1086 3847 haud
1115 3783 1299 3849 dubitanter
1328 3782 1395 3849 Sill.

288 3899 454 3984 repetivit,
482 3899 704 3983 interpolatam
727 3919 799 3961 esse
822 3901 934 3961 lanum
964 3921 1028 3963 nou
1050 3900 1152 3965 latuit.
1195 3899 1289 3988 Quod
1318 3921 1394 3966 vero

287 4017 425 4080 laouuae
449 4016 574 4100 signum
597 4036 758 4101 apponere
780 4036 875 4101 quam
888 4024 1070 4103 corruptam
1093 4017 1238 4083 oudinum
1261 4019 1395 4104 seriptu-
1505 4015 1507 4020 ’

288 4156 357 4199 ram
380 4133 541 4218 corrigere
554 4133 676 4214 maluit,
698 4135 822 4197 oautius
845 4154 940 4219 quam
962 4137 1078 4200 reoiius
1100 4135 1178 4200 milri
1200 4135 1327 4221 quidem
1349 4135 1395 4199 vi-

289 4253 384 4317 detur
410 4233 554 4315 fecisse.⁴
580 4250 662 4313 Nam
692 4251 767 4336 quid
796 4252 924 4316 omnino
953 4252 1110 4316 excidisse
1139 4253 1294 4339 potuerit,
1330 4272 1395 4316 non

290 4389 455 4454 assequor.
499 4367 549 4431 Iln
570 4367 722 4431 librorum
744 4367 834 4434 MSS.
863 4368 1033 4434 lectiones:
1065 4377 1313 4448 inflammationes
1333 4376 1397 4432 sine

290 4492 475 4564 einiunpitur
504 4485 532 4548 V
562 4492 804 4568 inflammationes
830 4493 857 4549 si
883 4506 938 4548 nea
965 4493 1140 4564 inunpuitur
1166 4487 1198 4551 R
1219 4487 1240 4552 d
1262 4493 1292 4552 Ω
1314 4498 1395 4572 uae

290 4605 406 4691 quibus
428 4603 552 4666 litteras
574 4611 637 4666 sine
658 4602 875 4688 dittographia
887 4603 1130 4687 proximarums
1144 4610 1202 4669 cini
1214 4611 1395 4669 ortamosse

287 4725 357 4810 quis
382 4741 449 4786 non
470 4720 641 4806 intelligit?
684 4720 774 4794 Quae
802 4728 907 4786 autem
931 4725 1054 4785 restant
1084 4727 1269 4801 oininnnitur
1289 4723 1395 4787 termi-
