3700 5625
201 4837 204 5008 l

463 725 507 794 60
810 809 819 830 .
899 729 989 794 Liber
1020 731 1144 796 XVIII.

515 944 693 1022 sporgere
719 931 840 999 eutem
877 923 987 1024 prius*
1004 946 1113 1023 quem
1137 905 1281 1002 arescat
1301 931 1363 1000 eut
1387 925 1484 1000 iactu
1510 947 1566 1000 se·

514 1056 632 1145 mine3
659 1055 690 1133 si
716 1057 811 1134 haec
836 1057 974 1136 emisse
998 1058 1045 1135 sit
1067 1059 1294 1149 stercoratio,
1322 1065 1564 1156 sequensest,

515 1189 727 1289 priusquam
753 1191 873 1282 seriel,
901 1193 1028 1267 evieiii
1054 1189 1220 1292 pulvere.

546 1320 788 1387 EOolumellee
805 1323 875 1388 loco
897 1324 937 1389 Π.
961 1324 1001 1391 16
1022 1324 1162 1388 Plinium
1183 1321 1418 1387 emendandum
1441 1341 1514 1387 esse
1536 1328 1566 1387 et

443 1437 651 1547 ,Herduinus
675 1445 707 1502 et
727 1461 829 1526 nuper
850 1443 947 1518 lenus
967 1442 1051 1506 bene
1072 1441 1309 1524 intellexerunt,
1331 1461 1465 1527 qnorum
1489 1440 1565 1504 alter

464 1577 546 1642 quse
561 1557 603 1622 ed
624 1559 816 1623 sententiam
837 1541 1020 1623 necessarie
1041 1558 1103 1624 sibi
1125 1559 1324 1641 videbantur,
1348 1559 1488 1623 violento
1509 1557 1564 1621 ini·

463 1682 540 1758 petu
551 1675 687 1758 intersit,
709 1677 790 1740 ulter
802 1697 901 1740 unum
915 1676 995 1742 vidit
1008 1679 1146 1763 egregie,
1170 1678 1210 1742 ab
1225 1675 1383 1741 Hsrduini
1394 1675 1564 1761 interpole-
1652 1763 1653 1766 Ἴ

463 1791 551 1856 tiene
573 1813 636 1856 non
660 1794 751 1858 cavit.
795 1792 973 1859 Columella
995 1802 1125 1860 anctore
1146 1794 1269 1859 Plinius
1291 1800 1324 1858 et
1344 1793 1565 1879 tempestivam
1652 1879 1653 1886 ἵ

464 1910 727 1974 stercorationem
761 1919 794 1976 et
821 1891 946 1976 satione
976 1913 1044 2008 ¹iem
1082 1911 1170 1977 lecte
1203 1910 1377 1976 secundnm
1410 1910 1564 1975 rationem
1652 1953 1653 1956 =

464 2027 677 2116 cdmmendet,
701 2035 787 2111 ,ante
808 2050 903 2114 quern
928 2029 1030 2095 series
1051 2051 1140 2095 more
1161 2031 1347 2095 seminantis
1375 2049 1417 2094 ex
1439 2027 1564 2093 unieriis
1652 2082 1653 2121 3

373 2216 375 2221 ,
463 2146 628 2230 pulverem
649 2146 798 2210 stercoris
819 2167 877 2231 per
898 2153 1044 2234 segetem
1070 2147 1261 2233 spargendi‘
1303 2146 1448 2236 Priorem
1470 2145 1563 2210 retic-

463 2283 537 2326 nem
558 2263 703 2328 codicum
725 2263 863 2328 lectione
884 2284 955 2346 arcs
976 2264 1147 2350 significari
1168 2264 1265 2329 lenus
1289 2265 1409 2350 optime
1423 2261 1563 2328 enimed·

463 2381 572 2445 vertit:
595 2400 679 2466 quse
701 2390 876 2467 sequuntur
898 2381 1088 2446 adulteram
1111 2387 1273 2468 spectent:
1297 2390 1350 2444 act
1374 2379 1480 2466 (quod
1502 2400 1561 2446 non

430 2575 431 2578 Ἴ
463 2518 543 2582 opus
564 2504 671 2563 estut
692 2520 763 2564 curn
784 2502 859 2564 lenc
881 2499 915 2562 in
937 2510 970 2561 ut
981 2505 1137 2579 mutetur)
1164 2505 1243 2564 iacto
1256 2503 1373 2581 semiue,
1397 2505 1424 2561 si
1441 2503 1472 2561 Ιι.
1496 2517 1522 2560 o.
1542 2519 1563 2559 s.

461 2637 486 2679 s.
503 2636 527 2677 s.
550 2634 575 2703 c.
594 2621 771 2708 priusquam
792 2623 892 2680 surlet
905 2621 1016 2695 (serius
1032 2615 1069 2701 e)
1093 2611 1161 2680 cure
1173 2623 1332 2696 puluerem.
1366 2615 1427 2680 His
1448 2613 1563 2678 ultimis

411 2761 413 2765 ’
462 2731 568 2796 verbis
590 2731 692 2797 Herd.
716 2733 757 2797 ed
779 2753 909 2798 sensum
931 2740 1017 2798 recte
1041 2732 1098 2810 (cf.
1111 2731 1216 2799 XVII.
1232 2732 1288 2816 50)
1314 2738 1426 2796 autumi
1441 2739 1562 2813 pulvere

462 2850 642 2933 substituit,
676 2851 761 2936 quod
787 2851 842 2916 ubi
880 2851 1065 2935 admiseris,
1099 2871 1171 2916 curn
1197 2849 1276 2915 Ieno
1308 2857 1409 2915 sarim
1444 2849 1560 2915 scribes

462 2973 598 3053 ⁰P⁰rleb
651 2967 771 3032 Verum
806 2969 965 3055 quomodo
999 2969 1080 3034 haec
1107 2967 1206 3032 verbe
1244 2954 1469 3033 consuua'ntur
1509 2986 1577 3031 ne·-
1652 3042 1653 3045 Ἴ

357 3133 359 3139 ,
462 3084 666 3170 sciensque
683 3084 856 3172 quidquem
876 3085 1059 3151 dissimilius
1072 3084 1197 3170 reperio
1214 3084 1346 3149 vocibus
1363 3096 1432 3149 aute
1446 3090 1479 3148 et
1500 3087 1559 3145 cci·
1650 3086 1653 3097 ’

462 3207 531 3269 arii.
576 3201 704 3265 Scilicet
725 3222 763 3266 ec
786 3209 961 3288 peccarunt
983 3202 1042 3268 viri
1064 3201 1149 3267 docti
1170 3201 1256 3287 quod
1277 3206 1461 3289 mutarunt,
1482 3219 1559 3285 quae
1652 3192 1653 3215 ¹

462 3318 642 3403 supplenda
662 3325 763 3383 erant.
806 3318 1019 3399 Desideretur
1040 3320 1126 3384 enim
1162 3319 1337 3384 infinitivus
1358 3317 1449 3383 verbi
1470 3323 1559 3403 aptus
1651 3295 1653 3316 l

462 3456 532 3503 eu
554 3449 750 3519 sennensem,
774 3457 836 3522 quo
858 3440 1060 3514 accusativus
1068 3442 1222 3515 puluerem
1242 3441 1383 3522 regetur,
1405 3434 1559 3500 intercidit
1652 3442 1653 3449 ’

463 3557 570 3614 entem
592 3571 656 3616 une
678 3573 773 3617 versu
794 3552 923 3617 XXVII
950 3554 1127 3618 litterarum
1152 3554 1281 3618 omisso.
1326 3552 1430 3628 Quem
1453 3556 1478 3617 si
1499 3572 1557 3615 non

461 3688 537 3733 vere
574 3674 608 3733 et
649 3669 857 3755 probabiliter
898 3676 985 3736 certe
1029 3670 1073 3734 sic
1111 3670 1291 3735 restituisse
1323 3668 1445 3751 video,
1492 3687 1558 3732 curn

428 3784 583 3850 scribo:

413 3961 417 3982 ,
502 3914 556 3967 aut
578 3908 597 3968 i.
613 3926 639 3967 s.
659 3926 683 3967 s.
705 3907 736 3969 b.
760 3923 788 3967 o.
809 3925 833 3969 r.
855 3926 881 3968 c.
902 3924 927 3967 s.
946 3922 971 3966 e.
990 3909 1314 3984 priusquumsars'stur
1335 3924 1381 3967 ex
1401 3906 1557 3966 aviariis
1652 3894 1653 3919 l

379 4196 441 4267 368

501 4008 690 4066 seminare
705 4013 880 4083 paratum
901 4013 972 4067 ante
989 4010 1148 4083 pulvmem.

883 4159 953 4233 194
967 4192 1013 4223 =
1026 4159 1145 4247 23,53.
1259 4194 1261 4199 ’

510 4288 647 4363 lustum
686 4294 743 4363 est
768 4286 935 4387 singulas
976 4287 1093 4364 vehes
1132 4266 1206 4363 limi
1245 4287 1396 4365 denario
1436 4286 1487 4363 ire
1522 4282 1552 4358 in

511 4415 679 4517 singulas
706 4419 872 4519 pecudes
899 4418 1072 4496 minores,
1483 4403 1485 4409 ¹

544 4549 697 4612 Tricenos
719 4549 788 4613 dies
810 4548 988 4615 (lclumells
1009 4552 1049 4615 ΙΙ.
1073 4552 1113 4643 lb
1135 4556 1292 4631 numeret,
1314 4552 1423 4635 itaque
1445 4545 1553 4613 Pintia·

459 4687 521 4735 nus
549 4672 598 4734 die
625 4671 736 4732 triceno
764 4667 918 4750 coniecit,
961 4658 1059 4732 Ianus
1090 4674 1165 4734 ente
1197 4690 1226 4732 v.
1253 4673 1390 4746 sicusim
1423 4667 1552 4731 inserere
1652 4700 1653 4741 ,
