3700 5625
389 607 392 614 ’
477 579 541 649 180
928 579 1029 646 niter
1049 580 1149 649 XIV.

473 766 498 832 1.
513 764 563 831 aa.
584 776 743 850 „ceteras
761 765 859 850 vites,
881 776 914 830 ct
937 766 980 830 de
999 765 1052 830 his
1071 761 1242 830 miscellae
1258 783 1424 843 maxume,
1446 763 1574 828 inomne

476 905 583 970 genus
606 885 679 969 agri
701 883 905 950 convenire“
932 882 1093 948 Catonem
1114 895 1253 948 secutus
1276 881 1463 966 tradiderit,
1486 885 1575 946 mani·

476 1004 598 1071 festum
621 1016 684 1084 est,
708 1004 896 1088 interpungi
919 1003 1056 1082 debere,
1078 1001 1354 1088 quemadmodum
1374 1001 1464 1085 apud
1487 1000 1582 1064 Cato·

477 1143 553 1190 nem
573 1143 600 1191 c.
614 1123 646 1187 6.
666 1122 769 1207 vulgo
793 1121 864 1188 lieri
886 1122 1053 1188 videmus:

608 1237 745 1306 Ceterae
766 1240 863 1318 uites,
891 1238 1054 1304 miscellae
1076 1260 1250 1318 maxume,
1275 1239 1310 1302 in
1332 1261 1362 1333 q.
1385 1261 1415 1301 u.
1438 1260 1465 1303 c.

400 1412 462 1478 231
936 1395 985 1470 49
1002 1432 1036 1461 =
1051 1395 1076 1469 4
1102 1397 1139 1470 5.

599 1531 794 1608 Rhemmio
813 1529 1039 1624 Palaemoni,
1063 1454 1152 1604 aiios
1172 1527 1409 1628 grammatica
1430 1540 1508 1604 arte
1529 1553 1580 1602 ce-

528 1668 633 1761 lebri,
659 1667 696 1743 in
720 1669 823 1745 hisce
850 1670 930 1746 XX
947 1668 1050 1744 annis
1076 1677 1239 1743 mercato
1266 1667 1471 1744 rusDCM
1488 1693 1580 1743 nnm-

529 1829 626 1880 mum
646 1805 684 1881 in
708 1807 839 1882 eodem
862 1807 1093 1882 Nomentano
1117 1803 1250 1880 decimi
1272 1803 1405 1904 lapidis
1430 1805 1475 1879 ab
1497 1805 1581 1878 urbe

528 1942 769 2020 deverticulo.

561 2079 697 2164 Scripta
717 2077 804 2144 haec
825 2088 902 2145 sunt
924 2098 1012 2143 anno
1036 2075 1270 2156 DCCOXXX,
1294 2077 1338 2147 ol.
1351 2077 1382 2165 §z
1392 2078 1445 2143 46.
1477 2077 1580 2161 ltaque

477 2213 564 2262 anno
589 2196 755 2269 Dcccx.
781 2197 962 2263 Palaemon
986 2198 1127 2284 praedia
1147 2199 1360 2266 Nomentana
1381 2200 1507 2264 emisse
1527 2218 1581 2280 pu·

477 2318 599 2383 tendas
622 2328 731 2408 esset,
764 2338 850 2404 quae
869 2317 957 2383 intra
981 2319 1144 2383 decimum
1164 2317 1238 2383 iere
1261 2339 1364 2383 curae
1384 2339 1507 2382 annum
1529 2316 1580 2381 Se·

476 2455 584 2502 nacae
613 2437 806 2502 vendidisse
833 2435 976 2501 traditur
1003 2437 1031 2524 ᾗ.
1047 2435 1099 2504 51,
1159 2437 1223 2508 Qui
1251 2456 1349 2520 qnam
1381 2447 1495 2501 aetate
1524 2436 1580 2498 iam

476 2553 669 2638 provectior
687 2553 820 2618 Tiberio
838 2564 1000 2636 regnante
1014 2553 1144 2617 Romae
1164 2551 1291 2618 litteras
1313 2555 1469 2619 docuerit
1490 2565 1580 2639 atque

477 2683 554 2737 ante
577 2691 750 2737 secessum
773 2671 936 2756 principis
957 2671 990 2734 id
1014 2683 1066 2735 est
1088 2683 1164 2735 ante
1186 2690 1218 2733 o.
1232 2669 1477 2738 Dccnxxnx.
1491 2671 1580 2738 disci·

476 2791 587 2878 piinae
608 2791 708 2857 laude
730 2789 880 2856 floruerit
907 2790 969 2875 (cs.
985 2791 1121 2857 Sueton.
1138 2789 1192 2855 De
1204 2788 1248 2858 ill.
1265 2789 1452 2876 gramid),
1466 2788 1513 2857 'ad
1534 2808 1581 2854 ca·

475 2930 552 2977 nam
573 2930 603 2975 a.
623 2908 819 2979 DCCCXX.
849 2923 1058 2976 senectutem
1081 2910 1280 2996 pervenisse
1306 2911 1453 2982 videtur.
1502 2910 1580 2975 Fieri

475 3028 508 3093 id
524 3027 654 3115 quidem
671 3028 790 3113 potuit:
813 3028 902 3114 quod
920 3049 1002 3093 vero
1015 3028 1147 3093 Seneca
1160 3048 1247 3092 anno
1261 3028 1457 3099 DCCCXX.
1472 3032 1581 3095 vineas

475 3167 495 3211 a
510 3146 710 3211 Palaemone
729 3156 897 3212 mercatus
913 3166 991 3211 esse
1015 3146 1143 3223 dicitur,
1165 3145 1255 3210 hand
1279 3146 1376 3211 dubie
1390 3145 1512 3214 falsum
1527 3161 1580 3213 est

474 3264 626 3352 Namque
648 3267 713 3330 iam
737 3287 824 3332 anno
841 3264 1079 3330 occcxvni.
1102 3276 1240 3329 mortem
1264 3266 1405 3329 obierat.
1436 3267 1581 3352 Apparet

477 3384 575 3470 igitur
595 3405 768 3449 numerum
784 3384 855 3447 XX
875 3393 1068 3467 corruptum
1091 3393 1192 3467 atque
1215 3393 1271 3446 aut
1294 3382 1403 3449 XXV
1414 3358 1473 3450 aul
1485 3382 1584 3448 XXX

473 3502 651 3587 legendum
680 3522 767 3569 esse.
821 3501 972 3567 Alteram
995 3501 1252 3588 praeferendum
1285 3520 1363 3566 esse
1391 3504 1578 3581 arbitrarer,

474 3642 573 3707 quum
601 3639 628 3688 u
662 3632 739 3686 ante
771 3638 791 3687 a
825 3617 927 3686 facile
963 3619 1120 3684 excidere
1157 3619 1342 3705 potuisset,
1381 3621 1445 3687 nisi
1475 3621 1505 3709 §.
1531 3618 1578 3685 51.

472 3740 656 3825 „princeps
672 3749 739 3803 tum
754 3737 950 3803 eruditionis
965 3755 1006 3799 ac
1022 3738 1213 3821 potentiae“
1232 3734 1472 3821 appellaretur,
1488 3757 1580 3823 quum

471 3858 548 3941 ipso
577 3850 665 3923 atino
698 3855 892 3923 DCCCXV.
918 3856 1072 3919 Senecae
1097 3853 1277 3938 potentiam
1306 3853 1486 3921 infractam
1507 3874 1579 3921 esse

472 3989 616 4057 constet,
640 3977 682 4043 cl.
699 3976 803 4043 Tacit.
821 3976 902 4040 Ann.
917 3973 1005 4040 XlV.
1017 3974 1071 4043 52.
1106 3973 1372 4059 Praestatigitur
1385 3975 1493 4038 XXX
1503 3974 1578 4040 scri·

472 4096 567 4173 bere,
594 4096 641 4160 ita
667 4106 702 4161 at
722 4096 856 4162 Seneca
884 4097 940 4182 qui
969 4115 1057 4184 anno
1079 4092 1287 4158 Dcccvnl.
1316 4095 1414 4160 domn
1440 4106 1475 4160 et
1505 4093 1579 4163 villa

470 4223 590 4278 anctus
611 4231 690 4277 esse
712 4233 734 4277 a
756 4213 872 4279 'lecito
889 4209 1139 4286 Ann.Xll,l.18.
1162 4210 1328 4292 refertur,
1358 4214 1490 4299 magnis
1511 4212 1578 4299 qoi-

467 4332 531 4397 bus
554 4330 619 4395 iam
641 4341 709 4395 tom
731 4330 879 4414 pollebat
904 4330 1025 4413 opibus
1048 4327 1354 4414 (cf.ib.x111.42)
1380 4331 1498 4425 vineas
1518 4331 1577 4395 Pa·

466 4448 631 4515 laemonis
653 4449 874 4534 acquisivisse
896 4449 1050 4515 videatur
1071 4448 1194 4527 „invisi
1213 4447 1322 4515 aiias“
1341 4461 1476 4517 utmox
1491 4450 1575 4539 §.5l.

466 4566 616 4650 traditur,
636 4564 771 4648 scilicet
789 4566 943 4633 infensus
966 4565 1095 4632 Claudii
1115 4566 1240 4633 amicis.
1281 4568 1320 4633 ln
1340 4568 1468 4637 iisdem¹
1479 4590 1576 4658 qnam

465 4682 646 4754 Columella
654 4684 740 4751 lua.
752 4684 885 4770 singida
895 4682 1174 4771 iugeraSeneoae
1186 4684 1302 4753 culeos
1312 4697 1455 4757 octonos
1466 4689 1575 4756 reoda
