3700 5625
487 751 549 823 ree
936 762 1026 825 rica
1046 762 1151 826 rrr.
1182 747 1188 766 ‘

404 999 466 1069 dic
899 960 970 1035 1211
996 977 1035 1015 =
1064 960 1182 1049 13,41.

536 1082 735 1163 Cicatrices
752 1086 817 1177 ,ad
852 1088 1016 1168 colorem
1050 1089 1194 1169 reducit
1232 1090 1415 1191 pecudum
1457 1088 1582 1190 palme,

539 1222 739 1321 praecipue
767 1246 814 1299 ex
841 1224 974 1313 ariete,
1001 1223 1130 1303 sebum
1161 1248 1207 1301 ex
1235 1224 1340 1301 nitro.

570 1353 692 1419 Vocem
721 1374 804 1443 quac
832 1362 906 1441 post
929 1379 958 1421 v.
987 1362 1088 1421 celum
1110 1354 1276 1423 excidite
1304 1354 1400 1421 Plinii
1431 1353 1584 1421 Valeriani

488 1471 558 1536 loco
581 1470 639 1535 III.
662 1472 702 1540 46
724 1472 798 1538 eddi
820 1473 909 1539 licet:
934 1495 976 1538 sc.
998 1480 1191 1539 leoninam.

407 1596 470 1666 676
912 1596 981 1669 124
996 1616 1036 1649 ==
1056 1596 1171 1685 tale.

538 1722 695 1801 Facilius
733 1724 918 1803 enituntur
957 1748 1052 1825 quae
1098 1726 1221 1803 fimum
1259 1722 1469 1801 anserinum
1510 1745 1587 1799 cum

536 1878 655 1957 aquae
682 1857 828 1941 duobus
855 1858 1000 1957 cyathis
1026 1860 1215 1937 sorbuere.

571 1990 831 2056 Molestissimum
862 1992 1038 2057 remedium
1059 1992 1144 2057 unde
1167 1990 1305 2057 editores
1338 1990 1522 2076 acceperint
1541 2008 1588 2053 ne-

490 2106 572 2190 scio,
603 2128 676 2173 nem
699 2107 785 2195 quod
806 2110 839 2174 in
862 2110 926 2175 VR
954 2109 1072 2195 legitur
1101 2130 1167 2175 cum
1190 2115 1360 2173 anserinam
1388 2106 1476 2173 haud
1500 2104 1588 2171 dubie

490 2225 569 2290 nihil
592 2231 642 2291 est
668 2225 730 2291 nisi
750 2228 946 2313 praepositio
975 2228 1059 2293 mele
1087 2227 1278 2314 eproximis
1314 2225 1420 2291 verbis
1448 2224 1588 2310 repetita.

489 2344 602 2428 Itaque
612 2363 695 2429 quac
707 2343 739 2407 in
761 2343 818 2407 Td
835 2344 992 2431 reperitur
1003 2345 1096 2411 lectio
1120 2350 1267 2427 adipem
1282 2348 1451 2409 anserinam
1468 2341 1589 2407 omnino

490 2460 690 2526 restituenda
711 2467 769 2528 est.

408 2578 470 2648 eu
896 2528 969 2658 nr
992 2616 1025 2647 =
1041 2582 1190 2661 ruinam.

541 2709 635 2789 Sunt
662 2719 698 2790 et
723 2710 883 2790 minutae
910 2712 1122 2816 longaeque
1149 2713 1328 2791 candidae
1344 2686 1500 2791 cocleae
1514 2732 1588 2814 pas·

541 2845 609 2922 sim
636 2846 863 2924 oberrantes.

574 2976 698 3064 Copula
720 2979 902 3066 importuna
922 2953 1033 3046 vitium
1058 2980 1209 3046 orationis
1226 2975 1396 3060 indicatur,
1418 2977 1515 3063 idque
1532 2995 1586 3040 non

489 3095 626 3161 librariis
647 3095 705 3160 sed
725 3095 916 3188 editoribus,
949 3118 967 3164 e
990 3099 1105 3184 quibua
1127 3100 1151 3164 l.
1173 3098 1299 3183 scripsit
1320 3101 1469 3160 minumae
1490 3098 1588 3159 lubric-

490 3233 599 3292 aeque,
622 3214 735 3299 culpae
750 3213 900 3282 dandum.
924 3214 1045 3282 Omnes
1062 3217 1146 3282 enirn
1163 3215 1291 3281 codices
1312 3219 1486 3294 loricaeque
1508 3215 1587 3290 (lari-

491 3351 547 3395 eae
567 3351 644 3410 qnae
664 3330 712 3409 V)
736 3331 873 3416 hebeni,
905 3334 1070 3398 Plinianae
1092 3334 1270 3419 elegantiae
1295 3351 1449 3418 perquam
1473 3349 1586 3396 accom-

489 3447 654 3520 modatum
685 3431 749 3534 qua
785 3456 885 3516 testas
920 3452 1099 3516 coclearum
1131 3453 1261 3517 loricam
1291 3470 1355 3514 uon
1388 3449 1498 3533 inepte
1539 3467 1586 3530 ap·

491 3566 630 3652 pellevit.
678 3565 815 3631 Librarii
844 3567 941 3632 aliunr
976 3589 1115 3634 errorem
1144 3568 1341 3634 admiserunt
1375 3565 1525 3652 religiose
1553 3561 1586 3626 ab
1647 3535 1648 3603 l

491 3683 667 3749 editoribus
701 3693 871 3752 servatum.
915 3685 1021 3762 Quum
1058 3687 1142 3752 enim
1174 3692 1240 3751 toto
1274 3685 1378 3770 capite
1399 3683 1523 3748 Plinius
1551 3678 1584 3742 de

491 3802 583 3867 malie
606 3802 822 3885 muliebribus,
846 3803 886 3868 de
907 3812 1001 3888 partu
1016 3811 1049 3870 et
1065 3810 1221 3890 conceptu
1234 3804 1392 3889 loquatur,
1415 3801 1498 3865 iuter
1512 3815 1584 3884 quae
1646 3791 1647 3875 l

491 3921 634 3986 remedia
656 3899 834 3987 coclearum
855 3943 919 3987 nou
949 3921 1111 3988 minimam
1139 3927 1262 4010 partem
1292 3918 1585 3992 saracenorum,

493 4040 546 4125 qui
569 4038 698 4104 tandem
731 4037 850 4104 laomim
873 4045 923 4121 cst
946 4047 981 4105 ut
1015 4040 1055 4104 de
1077 4060 1137 4104 usu
1171 4039 1350 4105 coclearum
1384 4035 1417 4101 in
1452 4032 1581 4120 corporis
1645 4097 1646 4147 p

493 4155 632 4220 candore
654 4156 865 4240 emandando,
888 4157 1042 4223 scabendi
1063 4158 1187 4244 pruritu
1208 4155 1344 4221 levando
1370 4151 1528 4220 disserat?
1549 4153 1583 4212 m

493 4293 592 4358 supra
612 4273 642 4358 §.
665 4274 722 4341 121
747 4296 819 4340 oum
841 4275 920 4341 nihil
942 4275 1029 4341 aliud
1051 4276 1128 4361 agit,
1150 4275 1232 4362 hane
1255 4291 1381 4360 quoque
1405 4267 1581 4338 sententiam

495 4389 657 4456 addidisse
678 4391 839 4477 putandus
861 4399 920 4458 est.
961 4393 1033 4470 Qua
1055 4415 1118 4480 quo
1141 4394 1234 4464 decet
1256 4392 1410 4455 translate
1433 4385 1580 4475 aptissime

493 4508 540 4572 sic
562 4508 706 4594 procedit
727 4511 845 4575 oratio:
887 4517 996 4577 radant
1019 4519 1167 4594 pruritum
1196 4517 1315 4576 cocleae
1352 4517 1480 4574 minatae
1512 4511 1580 4567 tntae

422 4604 427 4616 ¹
494 4634 642 4692 contritae
662 4603 763 4694 illitae.
808 4635 884 4694 Sunt
905 4643 933 4693 et
955 4637 1087 4696 minatae
1114 4636 1284 4708 loricaeque
1305 4632 1455 4692 candidae
1476 4627 1579 4690 cocleae

493 4751 604 4825 passim
627 4751 820 4822 aberrantem
848 4751 906 4810 itae
929 4751 1086 4824 arefactae
1111 4754 1173 4812 rote
1199 4754 1229 4812 in
1251 4751 1357 4827 tepult's
1384 4757 1536 4822 turmaeque
1553 4742 1576 4799 itt

494 4867 596 4940 farina
614 4869 774 4929 miscentur
801 4869 926 4929 lamerrto
949 4843 1058 4946 ¹aequis
1076 4871 1214 4947 partibus
1240 4869 1461 4944 candoremque
1486 4870 1511 4924 et
1528 4861 1578 4920 lae·
