3700 5625
554 583 722 651 Addenda
742 591 775 648 el
797 579 1010 670 Gomipeodu.
1277 575 1338 642 191

497 827 704 909 Addenda
734 838 776 908 et
805 823 1076 936 Corrigenda.

197 988 199 993 ⁸
314 1002 348 1068 P.
364 1002 414 1068 13.
436 1023 469 1074 v.
485 1005 536 1072 16.
558 1025 619 1089 pro
645 1002 779 1069 CVIII
795 1023 867 1072 scr.
893 999 1057 1066 0V1111.

197 1116 198 1175 l
314 1118 350 1182 P.
363 1118 412 1184 14.
426 1141 458 1186 n.
473 1120 522 1188 14.
545 1121 689 1188 Sincera
708 1131 787 1186 suut
807 1118 900 1184 Plinii
923 1118 1039 1199 verba,
1061 1117 1104 1184 cs.
1117 1115 1242 1183 Gelrleu
1255 1116 1338 1182 Lex.

242 1234 360 1321 physio.
381 1239 433 1304 ed.
453 1238 545 1304 1849.
568 1237 630 1304 vol.
645 1238 691 1302 X.
708 1238 737 1302 9.
757 1262 790 1324 p.
806 1238 896 1304 1697.

314 1354 348 1419 P.
360 1355 409 1421 18.
421 1376 455 1418 u.
471 1355 521 1422 23.
535 1355 664 1420 Eodem
677 1356 777 1421 modo
790 1356 933 1426 XXXII.
946 1354 976 1420 9.
989 1351 1202 1441 beneficium
1213 1354 1246 1416 in
1263 1353 1338 1418 cod.

242 1471 506 1561 Vvelbefioiuur
522 1476 554 1540 iu
567 1475 606 1554 B,
626 1475 734 1542 iona.
757 1473 927 1562 beneficii
947 1477 981 1542 iu
993 1475 1098 1540 B²VT
1108 1475 1269 1558 scriptum
1286 1494 1339 1538 re·

197 1602 199 1687 p
242 1594 369 1676 peritur,
391 1595 482 1660 uude
498 1593 659 1680 colligere
680 1594 771 1673 licet,
789 1593 1209 1678 frequentissimomfuiose
1221 1597 1340 1658 utrius·

196 1692 198 1733 ²
241 1732 297 1795 que
316 1710 448 1777 litterae
469 1713 503 1778 in
523 1714 642 1778 codiee
664 1713 851 1799 archetypo
873 1715 1161 1799 permutationem.

314 1832 350 1897 P.
365 1831 421 1896 54.
445 1852 475 1896 v.
493 1831 523 1899 9.
549 1828 740 1898 Lectionum
767 1833 974 1920 Hypsizorns
1001 1833 1151 1900 defendit
1175 1831 1342 1916 Bergkioo
1367 1853 1384 1882 ·

243 1951 268 2012 iu
286 1951 371 2017 Nor.
392 1951 483 2017 Mus.
503 1951 614 2018 Rheu.
635 1952 705 2022 vol.
717 1954 774 2020 tx
790 1977 823 2038 p.
836 1953 906 2018 141.

196 2090 199 2121 1
315 2069 353 2137 P.
365 2069 418 2136 78.
438 2091 471 2136 u.
486 2070 558 2137 194.
588 2071 662 2136 Nisi
686 2069 776 2137 lorte
803 2092 878 2136 eum
903 2071 1036 2136 Rittero
1060 2071 1184 2156 Geogr.
1214 2071 1277 2138 vol.
1298 2071 1340 2138 X.

243 2188 354 2272 11899.
374 2187 535 2256 Simorum
561 2189 746 2274 intelligere
770 2190 865 2276 velis,
890 2194 1032 2276 quaein
1056 2189 1186 2256 Tubulo
1209 2191 1342 2258 Peutin·

197 2366 198 2369 ,
244 2309 369 2392 ςειίωιω
392 2327 413 2370 u
434 2304 566 2375 Zimara
587 2310 805 2392 distinguitur.
851 2308 1087 2374 Verumtamen
1108 2330 1207 2394 quum
1230 2325 1263 2375 et
1282 2331 1341 2376 no·

201 2431 211 2457 '
245 2439 303 2494 stro
321 2428 403 2494 loeo
424 2438 459 2492 et
474 2427 567 2514 §.st
580 2426 681 2494 leutio
694 2429 833 2494 Zimara
855 2430 952 2494 codd.
968 2429 1050 2496 Mss.
1074 2449 1241 2496 consensu
1261 2449 1341 2495 oon·
1440 2501 1443 2508 ,

197 2616 199 2625 .
245 2542 400 2625 firmetur,
427 2548 471 2611 de
497 2568 565 2612 nuo
587 2547 774 2631 eodemque
802 2547 927 2631 oppido
957 2546 1080 2614 Plinius
1107 2546 1238 2614 loeutus
1262 2569 1341 2614 esse

245 2663 371 2731 videtur.

318 2784 355 2847 P.
369 2783 424 2853 79.
448 2805 477 2849 v.
489 2781 540 2850 31.
561 2804 623 2868 pro
638 2768 711 2848 749.
729 2804 797 2853 sor.
817 2783 890 2848 739.
922 2783 1076 2851 Ceterum
1100 2784 1341 2856 llemsterhueii

247 2904 462 2967 coniecturum
495 2899 593 2987 Opim
623 2903 776 2986 cupidius
806 2903 984 2987 outplexus
1017 2924 1125 2970 erum:
1159 2926 1248 2969 rtrruo
1278 2903 1342 2969 Or·

247 3018 336 3085 eloco
357 3020 475 3104 legere
496 3021 616 3098 malim,
638 3024 761 3107 quippe
783 3045 870 3110 quoe
892 3044 930 3089 re
943 3044 1023 3089 vero
1039 3026 1126 3090 inter
1137 3026 1342 3112 Babylonem

249 3152 274 3203 ot
294 3140 435 3224 paludes
455 3139 521 3201 situ
542 3138 653 3222 luerit,
674 3139 716 3206 cf.
728 3141 785 3205 Vl.
803 3139 871 3209 130.

322 3258 355 3322 P.
367 3259 419 3323 91.
441 3280 472 3324 v.
483 3258 513 3323 4.
543 3257 690 3323 Diverso
712 3259 797 3326 enim
824 3280 880 3323 res
901 3272 971 3339 est,
1001 3261 1090 3345 quod
1116 3260 1203 3329 infra
1226 3261 1258 3349 §.
1274 3263 1344 3331 170.

197 3415 199 3456 5
250 3375 282 3439 de
302 3375 541 3459 exemplarium
565 3374 645 3439 vitio
666 3376 698 3439 in
720 3376 911 3441 uuiversum
932 3380 1107 3461 cogitetur.

196 3553 198 3556 .
323 3496 356 3559 P.
369 3493 421 3561 93.
439 3516 471 3559 v.
484 3494 513 3559 l.
541 3494 592 3559 lta
613 3494 696 3559 Vlll.
722 3494 790 3562 175.
813 3498 845 3561 in
868 3496 938 3563 R¹d
960 3498 1131 3580 cadentia,
1153 3502 1185 3567 iu
1203 3501 1253 3567 R²
1273 3522 1345 3565 ooo·

251 3611 360 3692 amna,
378 3616 413 3679 iu
436 3614 537 3682 oodd.
557 3614 704 3679 Turnebi
728 3615 923 3697 audentio
945 3616 1074 3703 legitur.

323 3732 358 3795 P.
370 3731 445 3796 llll.
468 3754 504 3801 n.
524 3733 594 3802 199.
629 3736 811 3821 Postquam
833 3737 1111 3822 Kosegartenius,
1136 3740 1267 3829 collega
1288 3745 1345 3810 do-

197 3837 198 3840 *
252 3850 417 3929 missimus,
436 3850 533 3917 locos
552 3854 734 3919 Ptolemaei
747 3856 789 3919 V.
807 3856 856 3921 18.
868 3858 896 3920 7.
909 3870 943 3921 et
952 3860 1106 3943 Abydeni
1119 3863 1209 3943 apud
1221 3863 1346 3928 Euseb.

252 3962 361 4053 Proep.
376 3970 668 4055 evengel.lX.dl.
696 3970 774 4036 milti
796 3976 1013 4058 monstravit,
1045 3978 1087 4040 de
1116 3980 1229 4044 verbis
1251 3980 1347 4049 Plinii

253 4082 334 4152 liter
344 4089 466 4156 sentio.
509 4090 596 4154 Nihil
618 4092 705 4155 euim
727 4091 938 4159 verisimilius
960 4091 1120 4180 estquum
1134 4098 1348 4185 Hippareuoo

196 4221 198 4242 ³
254 4208 376 4273 eosdem
404 4229 485 4273 esse
509 4208 564 4294 qui
590 4209 632 4272 ab
657 4208 825 4293 Abydeno
846 4211 1037 4295 Σιππαρηνοί
1056 4227 1238 4303 vocantur,
1267 4242 1348 4306 quo-

196 4303 199 4416 'l
254 4342 312 4389 rum
332 4327 492 4412 oppidum
517 4324 664 4410 Σιπφάρα
685 4346 705 4389 o
729 4325 919 4403 Ptolemaeo
942 4344 1230 4401 commemoratur.
1281 4340 1348 4404 Nu·
1447 4358 1454 4375 *

254 4436 545 4510 buohodonosornu
572 4443 677 4521 euim,
706 4444 753 4506 uit
773 4444 974 4529 Abydenus,
1009 4448 1066 4514 odo
1091 4478 1122 4516 n
1141 4451 1349 4540 Ἀρμακάληυ

254 4562 382 4649 ποταμὸν
401 4564 573 4651 ἐξήγσῳευ,
593 4562 687 4628 ἐόντα
707 4562 805 4649 κέρας
819 4563 996 4649 Εὖφρητέω,
1021 4567 1075 4633 τόν
1092 4571 1348 4660 τεἈκρώιανον.

250 4671 328 4764 ’Τκέρ
348 4678 382 4748 δὲ
403 4682 672 4768 νῆςῖιππαρτωῶν
694 4682 813 4759 πόλεως
833 4683 959 4752 λάκκου
982 4685 1222 4777 ὀρυξάμενοςμ.
1246 4695 1349 4776 πύλας
