3700 5625
959 566 1062 631 Liber
1082 566 1140 633 ΙΙ.

492 750 900 838 adscripsissevidectnr.
942 752 1061 819 ‘Recte
1081 752 1137 819 ille
1158 752 1290 839 quidem
1317 775 1338 822 e
1362 778 1501 824 snorum
1525 769 1605 824 tem·

491 890 610 959 porum
632 872 763 938 ratione
789 892 835 937 ac
859 892 976 939 vera:
999 872 1085 936 Nam
1111 882 1283 956 postrema
1313 874 1440 960 imperii
1458 875 1605 941 Romani

492 1002 605 1058 aetate
615 988 729 1056 Piceni
739 990 861 1055 nomen
880 987 979 1055 latins
995 992 1147 1075 patuisse
1166 1000 1281 1055 notum
1304 1001 1367 1070 est,
1389 993 1437 1059 ita
1451 1004 1486 1059 ut
1499 1016 1605 1080 quon·

490 1115 567 1179 darn
588 1112 687 1177 etiam
699 1109 900 1177 Sabinorum
913 1130 1031 1197 agrum
1045 1094 1364 1193 comprehenderet.
1391 1112 1498 1189 Quem
1514 1114 1603 1181 Pan·

484 1232 557 1311 lus·
575 1230 707 1317 quidem
740 1228 913 1294 Diaconos
939 1226 1207 1299 {leuvanis
1242 1229 1404 1297 contineri
1439 1234 1604 1314 narravit,

489 1366 633 1437 quocum
657 1346 851 1413 consentire
872 1347 1004 1414 videtur
1028 1347 1129 1412 Notit.
1145 1345 1244 1433 Dign.
1258 1347 1339 1413 Oce.
1356 1368 1383 1415 o.
1398 1348 1448 1415 18.
1462 1362 1496 1417 et
1513 1352 1601 1424 (lod.

490 1469 637 1537 Thedos.
651 1466 707 1531 lX.
728 1465 778 1531 30.
797 1465 835 1545 5,
863 1466 950 1531 sicut
976 1465 1061 1531 liber
1079 1466 1196 1532 colon.
1213 1467 1238 1530 1.
1266 1466 1437 1551 (Gromat.
1453 1480 1534 1539 vett.
1548 1474 1602 1539 ed.

489 1588 692 1656 Lachmann.
723 1582 788 1651 vol.
808 1584 833 1654 1.
860 1584 1007 1669 pedib),
1044 1606 1145 1671 quum
1175 1582 1260 1650 liber
1286 1585 1324 1653 11.
1346 1608 1377 1671 p.
1392 1588 1463 1658 259.
1488 1589 1601 1658 Reate

435 1740 460 1797 52
489 1708 659 1794 oppidum,
679 1705 768 1790 quod
787 1702 945 1770 Valeriae
970 1713 1071 1788 caput
1091 1701 1199 1769 fuisse
1220 1704 1364 1770 coniecit
1373 1706 1602 1794 Boeckingius

489 1830 532 1895 ad
554 1827 629 1893 Not.
651 1847 683 1910 p.
694 1822 768 1903 438,
789 1824 874 1888 inter
896 1822 1049 1902 civitates
1072 1822 1184 1887 Piceni
1204 1833 1386 1889 enumeret.
1438 1825 1508 1909 lam
1523 1828 1602 1892 Nie-

487 1946 625 2015 buhrius
651 1955 761 2010 autem
791 1921 955 2030 Choro'gr.
977 1948 1044 2006 anti
1063 1964 1096 2028 p.
1111 1938 1192 2023 347,
1224 1942 1343 2029 fragm.
1360 1938 1476 2009 Vatia.
1497 1946 1526 2029 §.
1543 1944 1599 2017 35.

486 2059 576 2135 haud
599 2039 705 2132 dubio
719 2041 816 2142 usus,
837 2058 1006 2127 Valeriam
1029 2068 1063 2127 et
1085 2062 1243 2128 Picenum
1265 2063 1430 2129 interdum
1452 2062 1500 2131 ita
1518 2082 1599 2130 con·

486 2188 577 2274 iungi
600 2160 844 2261 animadverlit,
866 2191 901 2246 ut
922 2180 1045 2246 Albam
1063 2166 1259 2247 Fucentium
1280 2200 1378 2269 quam
1398 2178 1454 2246 ille
1477 2183 1599 2267 prima·

485 2308 568 2373 riam
591 2301 783 2389 provinciae
805 2298 963 2364 Valeriae
988 2301 1106 2365 urbem
1130 2298 1238 2367 fuisse
1260 2302 1455 2381 arbitratur,
1486 2300 1518 2366 in
1545 2322 1599 2367 re-

485 2424 613 2508 scripto
636 2418 821 2506 principum
841 2415 928 2482 Aba
950 2419 986 2482 in
1007 2418 1127 2484 Piceno
1150 2417 1349 2504 appelletur.
1393 2418 1598 2485 Universam

484 2563 555 2612 rem
578 2540 714 2626 egregie
724 2536 967 2603 Mommsenius
986 2538 1141 2621 exposuit
1161 2526 1406 2605 indoctissimo
1428 2530 1597 2605 commen·

484 2662 570 2728 tario
594 2661 636 2725 de
657 2658 750 2724 libris
772 2656 976 2722 coloniarum
1000 2655 1166 2739 (Gromat.
1188 2654 1446 2743 vol.ll.p.210).
1485 2659 1596 2734 Quum

484 2781 573 2849 enim
598 2779 675 2846 inde
702 2778 744 2842 ab
771 2795 859 2842 anno
882 2772 955 2840 313.
980 2794 1087 2860 usque
1117 2776 1160 2841 ad
1182 2797 1303 2842 anunm
1324 2775 1396 2845 365.
1425 2797 1595 2863 quaecun-

483 2921 548 2990 que
575 2900 660 2964 inter
690 2895 877 2972 Samnium,
904 2897 1134 2980 Campaniam,
1160 2895 1332 2976 Tusciam,
1363 2895 1532 2963 Umbriam
1561 2911 1596 2965 et

482 3017 658 3086 Aemiliam
685 3019 750 3082 sita
779 3024 891 3095 erant,
920 3033 988 3078 nno
1014 3011 1195 3080 Flaminiae
1218 3025 1252 3080 et
1279 3015 1392 3081 Piceni
1420 3018 1594 3082 annonarii

482 3159 524 3205 oc
547 3135 767 3204 suburbicarii
789 3134 923 3200 nomine
946 3133 1322 3218 comprehenderentur,
1341 3146 1442 3222 atque
1455 3133 1532 3199 inde
1548 3135 1593 3200 ab

480 3277 570 3324 anno
596 3255 668 3321 365.
699 3273 806 3341 usque
834 3253 878 3317 ad
904 3271 1027 3317 annum
1054 3251 1126 3319 399.
1155 3252 1221 3318 duo
1253 3255 1447 3337 provinciae
1472 3253 1592 3320 iisdem

479 3374 668 3441 nominibus
692 3369 976 3449 discernerentur,
996 3369 1074 3434 inde
1093 3369 1135 3434 ab
1147 3391 1178 3435 a.
1191 3369 1263 3438 399.
1286 3372 1403 3439 Sabini
1418 3373 1592 3459 Marcique

480 3492 648 3557 Valeriam
676 3491 882 3576 provinciam
910 3486 1110 3566 affecerunt,
1140 3488 1264 3556 Piceno
1286 3491 1483 3586 inertiores
1504 3491 1592 3559 fines

478 3610 627 3675 redacto.
670 3602 756 3673 ilino
776 3606 968 3672 certissimo
990 3607 1188 3694 argumento
1211 3609 1371 3696 colligere
1392 3610 1488 3690 licet,
1516 3631 1592 3678 var·

478 3727 530 3795 bia
550 3728 587 3791 ln
607 3725 728 3791 Reciso
751 3746 772 3792 a
795 3725 888 3792 Plinii
917 3735 1031 3793 aetate
1058 3725 1269 3796 alienissimis
1296 3751 1338 3797 eo
1359 3737 1510 3816 tempore
1535 3750 1593 3798 ao·

440 3848 444 3856 “
478 3844 627 3913 curatius
645 3845 767 3912 'Velini
793 3844 888 3911 lacus
918 3845 1015 3912 sitnm
1033 3845 1188 3914 indicari
1212 3858 1365 3936 coeptum
1393 3869 1489 3929 esse,
1517 3857 1590 3936 'qno

476 3983 561 4051 ager
582 3957 748 4033 Reatinus
767 3959 812 4031 ad
826 3964 982 4033 Picenum
1000 3965 1206 4049 promotam
1229 3970 1434 4054 pertinebat,
1457 3979 1492 4036 et
1511 3981 1591 4036 ante

475 4102 573 4171 quam
596 4105 616 4150 a
638 4085 763 4152 Piceno
783 4082 923 4150 Valeria
949 4095 1180 4169 separaretur.
1216 4085 1359 4173 'Scripta
1384 4091 1474 4155 snut.
1489 4090 1591 4176 igitur

474 4204 560 4268 inter
587 4222 711 4269 annum
735 4201 809 4270 313.
837 4213 872 4268 et
894 4199 976 4284 399,
1009 4202 1158 4271 fortasse
1192 4205 1280 4274 inter
1307 4226 1338 4273 a.
1354 4205 1428 4272 365.
1456 4216 1490 4272 et
1516 4205 1591 4274 399.

473 4321 575 4396 Quod
592 4317 930 4410 inventamqoantnm
942 4321 986 4388 ad
998 4321 1171 4390 historiam
1192 4323 1352 4392 librorum
1365 4325 1591 4394 Pliniauornm

472 4442 664 4509 accuratius
674 4441 941 4527 investigandam
949 4441 1120 4526 conferat,
1134 4462 1222 4512 nnnc
1232 4445 1403 4513 indicasse
1416 4448 1502 4514 satis
1513 4446 1589 4513 erit.

411 4560 456 4626 43
522 4590 526 4602 ·
552 4561 592 4626 ln
616 4548 768 4648 proximo
788 4555 961 4632 manassi
986 4563 1095 4632 verba
1114 4563 1229 4631 altro
1249 4561 1495 4632 Surrentum
1521 4585 1591 4632 non
