3700 5625
382 779 391 786 .
463 724 527 793 124
698 799 704 804 ,
905 733 995 793 Lr'ter
1007 732 1133 798 XXIII.
1229 767 1231 774 ι

464 923 591 988 litterae
611 925 631 989 i.
654 943 682 988 e.
700 943 783 988 unus
794 923 960 1010 archetypi
980 945 1091 990 versus
1109 946 1192 1012 quae
1210 933 1417 1012 praepostero
1432 927 1502 993 loco
1522 927 1563 992 in-

464 1048 569 1105 sertae
591 1041 701 1106 turbas
729 1041 800 1105 illas
822 1031 1038 1126 concitaruut3
1067 1049 1163 1129 atque
1184 1045 1332 1110 restituto
1361 1044 1474 1109 ordine
1496 1049 1563 1110 scri·

406 1184 412 1192 ·
466 1157 606 1222 bendum
628 1158 704 1221 erit:

506 1279 598 1338 Roo'o
619 1279 713 1339 hoec:
734 1271 812 1340 ocett
833 1283 970 1341 sextario
993 1298 1051 1340 ono
1074 1283 1228 1341 diluentur
1243 1285 1334 1342 mellis
1352 1285 1464 1344 unctae
1476 1284 1564 1354 dooe;
1649 1267 1650 1270 ¹

506 1398 612 1456 iustum
634 1404 677 1454 est
707 1398 851 1457 decoctae
874 1399 999 1470 soriooe
1031 1401 1093 1459 lolii
1113 1403 1264 1458 sextarios
1297 1401 1373 1460 duos
1407 1417 1500 1476 osque
1529 1401 1566 1460 od

507 1515 734 1574 crassitudinem
758 1518 946 1591 calidumque
973 1506 1015 1576 ilo
1045 1520 1214 1596 temperatis
1239 1521 1382 1579 sextariis
1404 1519 1499 1578 trieres
1518 1519 1564 1578 tm·

449 1661 453 1664 ·
487 1647 492 1654 ·
503 1632 576 1707 poni
598 1631 762 1694 dolentibus
782 1637 929 1694 membris.

882 1765 1005 1873 ¹usu
1041 1766 1150 1842 nnus.

547 1897 599 1963 Ao
620 1896 704 1961 hunc
734 1896 849 1962 librum
871 1898 1115 1983 proximumque
1143 1896 1378 1962 emendandum
1410 1897 1564 1962 codicibus

466 2035 485 2079 a
507 2013 536 2076 V
557 2014 747 2100 praesertim
767 2014 922 2079 utendum
947 2022 1014 2095 est,
1044 2035 1118 2078 nam
1146 2014 1216 2080 cod.
1238 2014 1270 2079 R
1292 2035 1311 2078 a
1339 2015 1410 2079 libri
1443 2014 1563 2079 demum

464 2131 558 2198 XXV
581 2133 609 2215 ξ.
631 2132 674 2199 30
703 2152 814 2196 rursus
834 2133 957 2218 incipit.
1001 2131 1062 2206 Qui
1096 2151 1288 2218 quamquam
1317 2140 1393 2198 sunt
1419 2132 1502 2196 inter
1533 2152 1564 2196 se

464 2248 608 2314 bonitate
630 2248 697 2313 fere
718 2270 829 2335 pares,
851 2257 959 2316 tamen
982 2248 1052 2316 cod.
1074 2249 1140 2313 aiu
1153 2268 1188 2312 re
1201 2248 1299 2314 dubia
1308 2250 1464 2314 maiorem
1476 2248 1563 2314 fidem

464 2365 588 2447 habeo,
620 2372 717 2452 atque
737 2374 908 2452 propterea
940 2368 1069 2452 saepius
1089 2366 1253 2451 vulgatam
1281 2368 1471 2452 scripturam
1491 2363 1562 2430 reci·

413 2497 422 2509 ‘
464 2482 615 2569 piendam
636 2505 712 2549 esse
736 2490 855 2566 statuo,
877 2485 939 2550 nisi
962 2491 995 2549 et
1017 2505 1055 2548 ea
1077 2483 1200 2548 familia
1220 2504 1303 2570 quae
1325 2483 1417 2549 codd.
1441 2482 1498 2548 Τὰ
1519 2503 1563 2547 ro·

463 2605 687 2684 praesentatur
720 2608 754 2664 et
774 2601 844 2665 cod.
869 2606 899 2668 Θ
922 2602 977 2687 qni
998 2601 1039 2664 ad
1060 2579 1254 2667 Vossianum
1286 2602 1417 2686 propius
1449 2599 1562 2665 aceedit

465 2717 559 2781 huius
580 2716 750 2811 lectionem
772 2719 1036 2803 comprobaverit,
1070 2717 1135 2782 Eos
1151 2723 1259 2804 autem
1280 2717 1383 2802 locos,
1405 2717 1460 2785 ubi
1481 2739 1500 2782 a
1518 2737 1561 2780 re·

464 2836 560 2920 liquis
603 2835 777 2901 editoribus
820 2839 871 2902 vel
914 2835 1144 2923 antiquioribus
1186 2834 1237 2898 vel
1278 2855 1380 2920 nuper
1423 2838 1465 2935 ab,
1491 2838 1559 2901 Iano

368 3010 375 3021 .
464 2954 581 3017 rectius
603 2973 699 3037 quam
722 2976 741 3016 a
762 2953 884 3039 Silligio
906 2953 1082 3017 iudicatum
1104 2972 1176 3017 esse
1199 2972 1333 3033 censeo,
1366 2953 1421 3037 qui
1443 2953 1559 3039 quidem

462 3092 528 3146 uon
548 3071 644 3155 pauci
666 3077 757 3154 sunt,
780 3072 885 3136 sciens
906 3078 1084 3157 praetereo.
1310 3064 1313 3067 ’

381 3232 443 3300 493
942 3210 964 3282 4
991 3234 1024 3265 =
1051 3211 1085 3282 3.

513 3336 612 3414 Cirris
638 3347 905 3415 sarmentorum
934 3315 1200 3437 vitiumque'et
1228 3337 1464 3413 vinaceorum
1480 3356 1560 3412 oon-

409 3490 412 3496 ·
515 3468 776 3569 dylomatiset
802 3470 904 3545 sedis
929 3468 1027 3545 vitiis
1053 3471 1231 3547 medetur.

545 3599 596 3664 De
618 3599 735 3664 vitibus
757 3601 885 3666 omnino
908 3601 1029 3687 agitur,
1059 3603 1167 3686 itaque
1189 3620 1253 3665 non
1274 3604 1409 3686 possunt
1432 3599 1510 3663 vites
1529 3602 1560 3659 ut
1583 3603 1586 3609 ’

463 3739 537 3803 pars
560 3738 580 3808 a
601 3737 720 3803 genere
741 3717 903 3803 distingui,
926 3724 1022 3803 atque
1041 3716 1060 3803 ἡ
1076 3694 1113 3784 in
1126 3726 1193 3783 τῶν
1206 3717 1380 3803 κλημάτων
1392 3721 1450 3781 καὶ
1470 3735 1558 3797 στεμ-

372 3863 378 3871 ’
462 3836 578 3920 φύλων
605 3840 713 3922 τέφρα
746 3834 814 3898 sola
844 3842 1110 3901 commemoratur
1138 3834 1369 3899 aDiosooride
1393 3836 1431 3896 V.
1454 3836 1481 3900 1.
1500 3829 1557 3893 Ne·

462 3971 524 4037 que
547 3958 654 4016 tamen
681 3952 871 4016 vocabulum
904 3954 1009 4037 ipsum
1031 3950 1202 4016 delendum
1224 3952 1299 4033 erit,
1330 3971 1405 4014 nam
1436 3946 1556 4013 devite

463 4067 536 4132 alba
568 4069 688 4132 Plinius
722 4069 867 4155 proximo
903 4090 1000 4134 seusu
1027 4069 1151 4135 loeutus
1185 4077 1262 4135 erat.
1306 4066 1442 4159 Oopula¹
1461 4064 1557 4129 deleto
1649 4070 1650 4081 ¹

462 4186 665 4250 scribendum
685 4186 824 4251 videtin:
968 4172 973 4183 ’

505 4308 587 4367 crois
607 4315 825 4367 sarmentorum
848 4307 949 4367 vitium
971 4309 1221 4369 etoiooceorom.

379 4414 523 4489 tus-95
615 4451 656 4534 ⁸.
842 4425 1049 4508 10:1,t
1090 4442 1185 4500 uvae
1569 4529 1571 4534 Ι

435 4601 438 4605 -
510 4556 681 4628 recentes
720 4552 951 4630 stomachum
984 4558 1021 4627 et
1048 4550 1197 4655 spiritus
1229 4550 1418 4631 inflatione
1443 4550 1554 4627 alvum

509 4684 665 4763 turbant.
