3700 5625
423 1805 483 1870 162

495 573 559 642 no
940 571 1069 680 *aas
1091 571 1178 640 arr.

497 758 588 846 qaod
610 760 643 828 iu
663 759 901 828 sammaritae
922 758 1284 827 monmorentius
1296 767 1361 840 est,
1385 757 1611 844 deindequod

498 879 620 946 tribuni
646 879 893 944 intercessione
914 890 1071 944 servatus
1096 877 1207 951 alieno
1229 877 1394 946 beneficio
1425 877 1523 954 vixit,
1550 896 1611 959 po·

499 1004 624 1059 stremo
645 997 735 1080 quod
757 997 853 1062 bonis
871 997 970 1060 otiam
984 993 1138 1061 multatus
1151 1007 1213 1064 est.
1235 997 1284 1059 lta
1294 996 1394 1081 igitur
1409 1005 1500 1060 totns
1514 995 1612 1058 locus

499 1112 630 1200 legatur
647 1135 734 1199 opus
757 1127 828 1179 est:
933 1093 946 1120 ’

648 1258 679 1312 el
705 1271 865 1314 censurae
887 1251 1072 1337 peritum3
1107 1271 1204 1337 capre
1229 1258 1250 1314 l.
1272 1249 1346 1337 φὶ.
1370 1269 1396 1311 r.
1419 1269 1452 1308 a.
1478 1245 1500 1308 l.
1525 1247 1547 1310 i.
1569 1269 1612 1313 m.

544 1375 715 1430 revocatus
736 1365 843 1429 alieno
866 1364 1017 1453 beneficio
1036 1376 1148 1452 postea
1166 1366 1268 1448 uixit3
1299 1363 1390 1428 bonu
1413 1364 1492 1427 lade
1514 1365 1613 1426 etiam

545 1483 742 1547 consecratis
763 1504 783 1545 o
806 1484 944 1548 damno
964 1505 1035 1563 suo,
1058 1492 1223 1579 tamquam
1242 1507 1361 1571 parum
1382 1492 1478 1563 esset,
1500 1479 1525 1568 f.
1545 1505 1573 1549 r.
1592 1485 1611 1547 ἰ.

544 1625 570 1668 e.
590 1625 622 1688 p.
645 1625 674 1669 c.
694 1603 865 1690 scopulosis
878 1625 994 1689 poena
1015 1612 1149 1668 exacta
1168 1611 1235 1668 cst.

843 1869 844 1872 ,
912 1803 985 1878 145
1000 1836 1039 1872 .-.
1054 1804 1204 1881 ibidem.

552 1956 672 2029 -in
707 1955 927 2055 Capitolium
962 1955 1073 2050 illud,
1103 1955 1142 2031 in
1169 1980 1244 2055 quo
1270 1953 1501 2054 triumphans
1531 1954 1613 2054 ipse

553 2093 607 2166 de
640 2117 794 2167 eorum
823 2092 967 2168 exuviis
1000 2117 1048 2168 nc
1076 2092 1242 2193 captivos
1275 2091 1423 2191 quidem
1454 2091 1511 2167 sic
1541 2102 1612 2167 tru-

552 2225 691 2302 xerat?
1660 2221 1662 2224 ⁴

585 2377 730 2441 Primum
750 2379 867 2443 nescio
891 2399 934 2444 an
957 2401 1031 2444 cum
1057 2395 1084 2447 Θ
1105 2380 1159 2444 illo
1183 2379 1261 2483 (ille
1280 2342 1405 2444 habent
1426 2374 1504 2460 Ra)
1533 2376 1612 2441 sori-

502 2497 644 2560 bendum
674 2499 725 2561 sit.
775 2497 903 2562 Deinde
931 2498 1067 2586 vulgata
1094 2497 1193 2564 lectio
1223 2496 1311 2592 pund
1339 2506 1449 2561 atrum
1473 2514 1493 2557 e
1519 2493 1613 2557 libris
1660 2491 1662 2506 ¹

501 2611 586 2680 Mss.
610 2623 734 2678 mutata
757 2615 800 2679 sit
821 2634 843 2678 a
863 2615 1009 2702 Silligio,
1040 2615 1073 2680 in
1098 2616 1181 2680 miro
1201 2615 1243 2680 V.
1260 2615 1297 2678 D.
1318 2611 1450 2677 silentio
1473 2611 1611 2676 decerni
1661 2637 1662 2640 ¹

501 2735 627 2819 nequit.
672 2732 754 2798 lllnd
776 2755 856 2799 vero
880 2735 1060 2813 contendo,
1083 2756 1157 2798 cnm
1181 2735 1256 2800 cod.
1278 2731 1311 2797 R
1330 2731 1512 2816 legendnm
1533 2752 1611 2796 esse
1660 2769 1662 2798 t

502 2850 659 2915 deorum
676 2854 804 2915 exuuiis
827 2852 970 2939 (exubiis
988 2854 1117 2941 habet).
1148 2855 1232 2919 Nam
1255 2863 1289 2918 et
1303 2870 1390 2937 quae
1412 2872 1433 2917 a
1455 2852 1611 2919 Gesnero

503 2945 690 3033 chrestum.
708 2992 745 3054 p.
760 2969 832 3034 218.
854 2972 1052 3055 proponitur
1073 2970 1268 3057 explicatio,
1296 2982 1332 3035 ut
1358 2969 1481 3053 captivi
1509 2970 1612 3035 vesti·
1661 3044 1662 3049 ἵ

501 3084 565 3151 bus
588 3088 733 3173 arreptis
754 3091 852 3154 tracti
875 3090 1044 3171 dicantur,
1065 3090 1270 3157 subridicule
1291 3091 1439 3169 videtur,
1462 3099 1496 3153 et
1514 3110 1613 3174 quom
1661 3136 1662 3143 κ

501 3204 693 3271 Harduinus
716 3204 942 3291 amplectitur,
976 3208 1017 3273 de
1040 3210 1169 3275 exuviis
1193 3210 1417 3295 captivorum,
1442 3231 1507 3274 nec
1531 3231 1613 3276 vero
1660 3274 1662 3277 Α

503 3322 544 3387 de
572 3322 727 3390 hostibus
756 3326 839 3411 ipsis
867 3324 1102 3410 triumphatum
1130 3346 1222 3404 esse,
1254 3326 1407 3392 oratione
1436 3327 1614 3393 durissima

501 3462 637 3506 sensum
666 3444 812 3526 ineptum
840 3444 960 3509 reddit.
1013 3444 1058 3511 At
1087 3458 1206 3510 contra
1226 3445 1412 3511 miserrima
1433 3464 1532 3533 quam
1551 3467 1612 3511 ex-

502 3568 618 3641 pertus
639 3570 692 3623 est
713 3558 869 3625 Metellus
890 3580 1003 3625 rernm
1030 3562 1208 3627 conversio
1239 3561 1351 3627 habitu
1378 3561 1612 3649 triumphantis

419 3699 431 3717 ·
502 3674 648 3740 indicato
672 3678 809 3763 egregie
830 3675 1025 3756 illustratur,
1045 3678 1100 3763 qui
1122 3678 1236 3759 „lovis
1261 3679 1374 3764 optimi
1397 3682 1532 3747 maximi
1554 3704 1612 3748 or-

501 3804 581 3858 natu
609 3794 819 3861 decoratus⁶‘
845 3797 878 3861 in
903 3796 1104 3882 Capitolium
1130 3798 1207 3863 olim
1232 3798 1425 3866 ascenderit
1449 3802 1506 3885 (ut
1527 3801 1612 3867 Livii

501 3912 615 3978 verbis
636 3924 712 3979 utar
731 3913 775 3977 X.
790 3914 837 3999 7).
881 3914 976 3989 Quas
998 3916 1137 3981 exuvias
1161 3917 1297 4003 proprie
1324 3917 1526 4044 dicipnotum
1549 3932 1611 3997 est,

502 4029 546 4095 cl.
557 4031 696 4100 Sueton.
709 4033 825 4099 Octav.
837 4032 890 4118 94,
905 4032 999 4105 Fest.
1017 4056 1048 4101 v.
1059 4035 1202 4106 Tensaa.

422 4261 484 4327 163

921 4236 1193 4332 151=4o‚4r.

550 4384 637 4461 Duo
662 4395 748 4461 sunt
767 4387 859 4463 haec
880 4388 1106 4491 (oracula)r
1137 4390 1331 4471 Pedium
1356 4392 1608 4473 felicissimum

550 4521 626 4634 qui,
646 4546 717 4624 pro
753 4522 873 4624 patria
909 4523 1080 4625 proxima
1118 4525 1375 4623 occubuisset3
1412 4528 1552 4609 iterum
1587 4556 1608 4608 a
