3700 5625
514 575 577 648 lto
950 583 1052 652 la'oer
1074 584 1185 656 7111.

514 766 670 834 satietate
694 784 816 836 cursus
842 761 1005 837 velocitas
1035 772 1256 839 imminuatur.
1306 771 1373 837 lam
1402 771 1510 860 igitur
1539 772 1621 858 quod

512 883 546 950 in
569 885 729 952 omnibus·
744 885 817 952 sere
838 885 932 952 libris
953 887 1079 972 legitur,
1094 898 1154 952 out
1174 893 1309 956 omnino
1322 890 1537 955 retinendum
1557 889 1620 954 erit

514 1004 595 1070 ltem
616 1007 649 1070 in
663 1007 814 1072 omnibus
835 1027 902 1071 non
924 1006 1054 1088 obeunt,
1076 1010 1139 1074 se‘d
1159 993 1302 1073 babeam
1321 1009 1490 1094 scripturn
1503 1015 1620 1081 exstat3

513 1133 684 1209 postremo
708 1124 740 1188 in
763 1124 931 1190 nonnullis
950 1131 1102 1192 satietate
1131 1126 1184 1211 (in
1205 1147 1223 1191 r
1244 1135 1278 1191 et
1299 1127 1339 1204 d,
1359 1139 1441 1190 narn
1465 1126 1510 1189 de
1532 1123 1620 1188 'l'ole-

514 1251 593 1307 tano
614 1239 643 1305 'l'
665 1241 742 1328 quid
766 1229 875 1306 dicam
896 1243 1026 1321 nescio,
1047 1243 1339 1328 qnemPintianus
1362 1241 1549 1307 ablativum
1573 1261 1620 1304 ex·

513 1359 630 1424 hibere
652 1359 763 1439 tradit,
786 1359 936 1447 Silligius
956 1359 1216 1444 accusativum).
1264 1359 1372 1426 Recte
1396 1361 1507 1444 igitur
1527 1358 1621 1424 scribi

513 1485 589 1556 out,
622 1478 653 1542 si
674 1472 868 1566 [uqiandum
903 1479 940 1541 iu
964 1479 1116 1543 salutate
1145 1477 1289 1544 babeant
1322 1490 1358 1545 et
1385 1477 1566 1545 Pintianus
1592 1485 1621 1540 et

515 1587 703 1659 Salmasius
722 1593 841 1678 autu.
864 1594 1108 1662 intellexerunt
1158 1595 1249 1664 Nibil
1273 1598 1360 1663 enim
1388 1599 1422 1662 in
1446 1597 1620 1661 verborum

514 1722 683 1778 structura
702 1715 817 1785 inesse
839 1715 927 1801 quod
949 1733 969 1778 a
992 1714 1087 1779 Plinii
1110 1733 1173 1780 usu
1191 1714 1390 1795 abhorreat,
1414 1715 1547 1778 docent
1564 1711 1620 1776 loci

414 1834 423 1844 '
514 1825 641 1894 slmiles
663 1823 706 1896 X.
722 1830 792 1902 lut,
819 1851 917 1916 „cum
941 1833 1173 1916 deponendum
1195 1806 1362 1922 baberet“
1383 1843 1418 1898 et
1440 1827 1619 1897 xxxtot.

514 1947 763 2027 „confitendum
776 1949 934 2019 babent“.
961 1951 1036 2018 Hoc
1055 1954 1163 2037 ipsum
1186 1951 1314 2018 scilicet
1336 1953 1492 2017 narravit
1505 1951 1618 2015 Plinius

514 2067 604 2153 quod
626 2063 775 2158 Solinum
795 2069 976 2135 tradidisse
1002 2069 1159 2150 vidimus,
1189 2082 1247 2136 aut
1271 2081 1410 2156 propter
1436 2070 1507 2136 alvi
1528 2087 1619 2151 ungu·

514 2186 611 2252 stiam
628 2197 839 2273 autpropter
859 2185 961 2273 fugae
981 2185 1186 2253 celeritatem
1208 2188 1305 2253 cibos
1325 2207 1347 2252 a
1360 2186 1464 2254 leone
1487 2183 1618 2253 extrahi.

596 2334 724 2400 Eadem
739 2337 824 2401 ratio
847 2346 900 2402 est
918 2335 984 2401 loci
999 2336 1139 2420 proximi
1151 2335 1242 2422 §.47,
1254 2336 1310 2401 ubi
1320 2336 1516 2403 rectissime
1528 2333 1616 2420 vulgo

515 2475 535 2519 e
556 2452 725 2539 plerisque
746 2453 919 2519 codicibus
941 2451 1061 2536 legitur
1082 2460 1170 2515 meu«
1189 2475 1314 2539 poenae
1329 2453 1457 2536 nmilia
1481 2449 1617 2536 Silligins

514 2573 674 2653 unumR,
694 2591 837 2658 eumque
858 2591 902 2638 nc
922 2575 1032 2656 ipsum
1051 2571 1183 2656 qnidam
1204 2573 1371 2658 integrum
1391 2576 1489 2656 (nam
1500 2568 1618 2638 R¹atei

513 2693 640 2778 habet)
664 2691 757 2778 sequi
778 2687 946 2781 maluityet
968 2686 1234 2755 molestissimam
1256 2689 1519 2776 dittograpbiam
1540 2694 1617 2751 meu

514 2814 585 2877 eius
611 2809 715 2876 Plinio
736 2808 886 2874 obtrusit
935 2806 1076 2872 Possem
1096 2804 1195 2871 etiarn
1212 2805 1307 2895 §.uu
1328 2807 1433 2874 libros
1458 2819 1494 2875 et
1514 2806 1617 2890 vulga·

515 2942 581 2996 tarn
602 2930 801 3014 scripturum
823 2948 844 2993 a
867 2923 984 3012 Silligii
1005 2926 1210 2992 coniecturis
1230 2927 1414 3009 vindicare,
1435 2949 1553 2995 verum
1573 2943 1615 2989 rc

516 3051 681 3117 dcundum
703 3060 755 3114 est
777 3050 820 3113 ad
834 3048 1016 3113 institutum
1028 3046 1153 3132 operis,
1175 3057 1289 3113 utnon
1303 3045 1615 3118 veteradefendan,

515 3171 578 3236 sed
609 3189 696 3255 quae
724 3166 801 3232 mihi
827 3186 918 3233 nova
939 3166 1109 3250 reperisse
1135 3165 1269 3250 videor,
1298 3165 1478 3252 legentium
1503 3161 1614 3230 iudicio

513 3286 699 3353 subiiciunt.
730 3283 760 3370 §.
778 3282 829 3349 52.
859 3304 960 3369 quum
978 3280 1011 3347 R
1040 3302 1077 3346 ee
1099 3283 1119 3346 d
1141 3279 1199 3345 sed
1220 3282 1382 3362 babeant,
1400 3279 1616 3349 'scribendum

516 3406 668 3471 existimo
683 3412 715 3467 et
729 3409 811 3480 tum,
828 3402 857 3489 §.
871 3399 929 3485 ὅδ’,
939 3401 994 3469 56.
1010 3410 1044 3466 et
1057 3400 1112 3471 57.
1126 3399 1294 3486 vulgatam
1313 3401 1490 3468 lectionem
1505 3398 1614 3489 probo·

437 3629 499 3695 174
942 3602 1045 3676 60:
1061 3602 1120 3698 17,
1133 3603 1196 3679 21.

658 3763 701 3831 ut
729 3768 875 3830 causum
911 3749 1049 3828 doloris
1076 3751 1259 3829 intellexit
1286 3756 1468 3857 simulque
1495 3748 1611 3832 salutis

565 3919 655 3971 suae
677 3893 901 3986 mercedem,
927 3889 1067 3967 exemit
1093 3890 1233 3966 catulos
1256 3916 1338 3968 eum
1352 3897 1610 3995 prosequentes

565 4055 683 4131 usque
706 4039 813 4107 extra
839 4027 1075 4123 solitudines,
1099 4027 1282 4105 deductus
1305 4031 1401 4107 loeta
1425 4040 1537 4133 atque
1559 4050 1612 4125 ge·

566 4168 712 4244 sticnte.

597 4317 648 4383 lta
669 4314 816 4403 Silligius
838 4334 859 4382 a
881 4314 977 4381 codd
997 4312 1046 4379 R'
1070 4326 1097 4381 Θ
1121 4313 1290 4401 Quium
1313 4315 1492 4386 lectionem
1518 4322 1610 4404 eoque

514 4454 589 4501 cum
610 4434 652 4501 iis
667 4443 888 4529 prmequeule.
899 4432 1098 4513 immutavit,
1119 4453 1219 4520 quam
1237 4435 1495 4521 interpolatione
1514 4440 1610 4500 ortam

515 4574 595 4625 esse
615 4553 770 4642 proxima
791 4555 897 4623 verbe
917 4552 1108 4623 ostendunt
1134 4554 1254 4642 Neque
1263 4574 1347 4623 vero
1364 4551 1529 4621 idrnirum
1547 4539 1611 4616 faiis
