3700 5625
412 777 474 842 159

491 579 553 648 tte
938 579 1039 648 etta
1060 581 1150 650 VII.

904 768 1030 842 ιιι..
1047 768 1109 864 ao,
1126 770 1187 845 ιι.

540 942 613 1017 quo
634 914 759 1018 potius
782 941 891 1016 quam
915 918 1128 997 universi
1156 908 1318 1020 populi
1350 919 1450 996 iilius
1480 919 1602 1021 gentis

542 1051 766 1154 amplissimo
792 1051 1034 1130 testimonio?

572 1224 699 1290 Nescio
719 1226 886 1311 quomodo
913 1225 1083 1313 ‚mapulas
1103 1226 1238 1311 gentis“
1258 1234 1337 1310 apte
1359 1225 1425 1291 dici
1447 1227 1604 1310 potnerit.

490 1340 581 1406 iilam
603 1351 736 1426 gentem
757 1340 946 1408 Romanam
967 1341 1117 1429 appellat
1132 1343 1271 1424 Plinius,
1290 1364 1379 1430 qnae
1400 1342 1516 1428 plnres
1535 1345 1606 1409 exi-

489 1457 574 1522 mios
596 1458 708 1522 tulerit
728 1479 827 1551 quam
849 1467 978 1522 ceterae
1000 1467 1122 1540 urrce,
1143 1469 1244 1544 atqua
1265 1459 1332 1524 buc
1354 1461 1525 1544 pertinere
1547 1482 1603 1526 ar·

489 1578 595 1644 bitror
615 1579 724 1644 verba
743 1578 892 1642 universi
906 1577 1029 1666 papirii,
1050 1588 1086 1644 nt
1108 1579 1233 1646 dixisse
1254 1579 1409 1644 videatur
1430 1602 1531 1673 quara
1551 1601 1604 1644 cc·

490 1703 581 1760 torae
604 1703 713 1760 terrac
732 1695 881 1760 universi
897 1694 1017 1785 populi.
1042 1696 1092 1762 lta
1112 1697 1316 1777 „universae
1334 1690 1480 1781 gentes“
1496 1699 1603 1764 nomi·

490 1825 612 1882 nentur
630 1814 737 1884 XXV.
754 1814 807 1882 82.

908 1985 981 2060 121
997 2021 1033 2050 --
1049 1985 1111 2082 36,
1127 1985 1186 2060 36.

413 2152 474 2219 160
542 2137 614 2244 [G.
642 2136 863 2244 Quintio]
890 2138 944 2215 Μ’
965 2120 1087 2216 Acilio
1114 2164 1211 2216 coss.

409 3574 467 3641 161

572 2307 730 2391 templum
745 2306 884 2372 Pietatis
899 2316 1106 2373 exstructum
1124 2326 1204 2374 ease
1224 2305 1430 2391 perbihetur.
1451 2305 1499 2371 At
1516 2327 1601 2373 vero

488 2424 528 2493 L.
538 2426 691 2501 Quintius
704 2424 908 2492 Flamininus
931 2426 1024 2508 (nam
1047 2423 1150 2490 Caius
1172 2424 1260 2492 falso
1281 2423 1486 2512 appellatur)
1510 2447 1601 2492 anno

487 2545 625 2625 DLXll,
642 2545 689 2610 M'
702 2544 832 2610 Acilius
851 2564 881 2610 a.
897 2544 1036 2609 DLXlil
1057 2545 1233 2610 consulatu
1255 2544 1390 2622 functus
1412 2554 1474 2610 est.
1508 2545 1602 2609 idern

488 2663 587 2748 igitur
609 2663 651 2728 de
672 2662 740 2729 boc
758 2662 836 2729 loco
856 2661 974 2728 valera
989 2663 1146 2742 arbitror,
1164 2664 1253 2748 quod
1267 2661 1406 2746 saepias
1425 2662 1601 2729 accidisse

488 2802 594 2868 supra
608 2804 640 2867 p.
651 2781 702 2847 27.
724 2782 846 2865 monni,
864 2791 900 2847 ut
921 2801 1021 2867 quum
1042 2781 1188 2868 scriptor
1209 2801 1309 2847 unum
1332 2791 1458 2846 tantum
1476 2800 1603 2865 consus

486 2901 553 2967 lem
575 2901 792 2985 nominasset,
816 2899 902 2967 alter
922 2911 1016 2965 recte
1036 2899 1092 2965 vel
1114 2898 1200 2965 maie
1219 2901 1262 2964 ab
1277 2896 1521 2983 interpolatore
1539 2901 1601 2969 ad·

488 3021 702 3087 scriberetur.
753 3018 910 3084 Ceterum
935 3017 1218 3103 impeditissimam
1242 3036 1322 3082 esse
1350 3017 1393 3082 de
1421 3016 1488 3083 bac
1513 3020 1602 3085 aede

488 3142 719 3225 qaaestionem
742 3135 918 3203 Beckerus
945 3135 978 3200 in
1002 3134 1113 3202 libello
1144 3148 1263 3201 contra
1284 3155 1337 3201 me
1359 3136 1485 3221 scripto
1508 3136 1602 3221 (an

486 3256 695 3323 Rttmiscben
716 3253 954 3341 Topograpbie
973 3275 1008 3338 p.
1024 3252 1088 3339 tt)
1111 3254 1276 3336 ostendit,
1308 3253 1352 3318 ad
1373 3272 1472 3339 quam
1494 3275 1601 3341 spero

487 3375 561 3442 fore
583 3387 620 3441 nt
642 3373 819 3460 aliqnando
842 3382 1005 3439 revertar.

828 3554 901 3630 ιιι
918 3565 956 3630 a
970 3553 1174 3651 144=44‚·
1186 3554 1250 3631 45.

536 3724 828 3829 (Q.Mctcllua)
849 3722 986 3823 inipso
1007 3732 1130 3800 nmen
1150 3724 1246 3799 flora
1266 3720 1487 3823 dignationis
1504 3748 1598 3801 suae

536 3866 581 3940 ab
597 3861 971 3939 antiabbatem
993 3860 1054 3937 cui
1076 3884 1279 3960 cognomen
1298 3859 1368 3935 fuit
1387 3860 1597 3939 Macerioni

535 4002 683 4077 tribuno
697 3999 833 4100 plebis·
850 4025 960 4099 quem
984 4007 1153 4074 asenatu
1178 4022 1311 4073 censor
1338 3996 1514 4093 eiecerat,
1536 4025 1595 4073 re-

533 4106 732 4215 vertens'a
765 4161 894 4235 eampo
931 4132 1133 4209 meridiano
1167 4142 1335 4233 tempore
1361 4157 1478 4210 vacuo
1511 4134 1596 4210 foro

534 4281 572 4349 et
595 4269 776 4370 Capitolio
803 4269 851 4345 ad
878 4267 1083 4369 Tarpeium
1106 4280 1235 4368 raptus
1262 4278 1305 4343 ut
1329 4270 1595 4371 praecipitare·

532 4416 607 4500 tur,
630 4407 845 4483 convolante
868 4403 1016 4505 quidem
1038 4413 1111 4479 tam
1137 4427 1337 4488 numerosa
1354 4403 1416 4479 illa
1439 4406 1595 4485 coborte

532 4568 627 4647 quaa
647 4551 793 4646 patrem
813 4568 898 4621 eum
917 4542 1136 4644 appellabat,
1159 4540 1240 4638 sed,
1266 4549 1309 4617 ut
1329 4564 1487 4618 necasse
1514 4554 1595 4621 arat
