3700 5625
703 562 806 631 nater
826 562 892 636 VI.
1311 560 1355 627 87

702 750 839 827 ltt=7
862 752 899 825 t.
1156 767 1163 779 ·
1370 760 1432 827 tlt

294 887 408 964 Primi
427 886 620 963 Sarmatae
641 810 1097 985 Gynaecodratumanoe,
1123 886 1350 963 Amazonum

292 1023 484 1099 connubia.

319 1157 366 1222 lta
389 1157 554 1244 Silligius,
578 1179 677 1245 quum
699 1154 800 1241 vulgo
821 1154 1009 1222 conticente
1029 1154 1236 1221 Amazonum
1257 1158 1348 1224 inse-

251 1286 373 1342 reretur.
417 1278 533 1365 Atque
555 1275 634 1343 illud
657 1277 790 1364 quidem
812 1276 1000 1342 rectissime
1026 1275 1107 1341 fecit
1128 1277 1217 1362 quod
1239 1276 1347 1344 Grae-

251 1418 308 1461 cam
328 1394 469 1482 pluralis
492 1396 619 1461 numeri
642 1393 784 1461 formam
806 1395 949 1461 ecod.d
969 1396 1114 1479 recepit:
1137 1394 1203 1461 hoc
1216 1418 1346 1484 quoque

250 1514 417 1581 laudandus
443 1516 535 1602 quod
558 1536 676 1580 vocem
698 1512 798 1599 unde,
821 1534 920 1599 quam
945 1512 978 1578 in
997 1509 1087 1579 nullo
1105 1514 1190 1579 libro
1214 1516 1279 1581 nts.
1301 1516 1346 1581 in·

250 1637 336 1700 veniri
356 1637 421 1701 iam
444 1634 549 1704 Hard.
577 1618 814 1714 annotaverat,
843 1634 952 1701 eiecit.
999 1634 1141 1701 Videtur
1161 1634 1293 1720 quidem
1314 1634 1346 1700 in

250 1755 417 1821 recentiore
445 1756 561 1842 aliquo
592 1753 677 1821 libro
709 1773 731 1819 a
755 1754 871 1839 primis
900 1752 1085 1819 editoribus
1111 1751 1200 1819 lecta
1229 1752 1346 1834 luisse,

250 1895 329 1958 quntn
348 1877 414 1940 iam
446 1874 481 1940 in
506 1873 650 1940 editione
671 1875 825 1959 principe
847 1871 1050 1958 reperiatur:
1075 1873 1137 1938 sed
1167 1873 1347 1957 interpola.

251 1992 320 2059 tione
347 2016 366 2061 e
398 1994 572 2079 corruptis
598 1992 721 2058 ultimis
753 1992 910 2058 vocabuli
937 1990 1061 2056 Graeci
1089 1988 1208 2055 litteris
1236 2002 1345 2055 ortum

252 2133 313 2178 esse
330 2112 546 2179 manifestum
569 2123 631 2177 est.
680 2112 780 2188 Quod
802 2133 883 2177 vero
906 2109 1054 2197 Silligins
1076 2110 1216 2194 imprimi
1237 2110 1344 2192 iussit,

251 2232 274 2293 id
291 2233 435 2317 equidem
455 2253 511 2298 me
533 2253 599 2296 non
620 2229 807 2316 intelligere
829 2229 946 2296 fateor.
967 2230 1140 2296 Sarmatas
1154 2228 1344 2314 enimipsos

253 2352 393 2425 connubia
414 2354 628 2417 Amazonum
654 2350 773 2416 vocari
803 2362 871 2415 tum
899 2351 1030 2416 dentum
1052 2350 1282 2427 crederemus,
1315 2348 1343 2413 si

252 2467 330 2535 ullum
349 2470 426 2538 talis
449 2468 609 2537 vocabuli
638 2440 799 2536 abstracti
825 2468 937 2557 (quod
961 2470 1098 2555 dicunt)
1128 2489 1210 2532 usus
1233 2488 1344 2532 exem·

253 2586 320 2669 plum
339 2590 479 2656 allatum
499 2602 602 2657 esset.
644 2588 786 2654 Videtur
807 2590 852 2653 ita
871 2589 983 2655 locum
1004 2592 1242 2674 interpretatus
1266 2606 1344 2652 esse

256 2707 418 2796 Pintianus,
441 2710 521 2774 durn
546 2706 661 2792 Pomp.
676 2706 844 2775 Melaml.
857 2707 907 2776 19.
928 2706 983 2776 fin.
1025 2706 1121 2772 Plinii
1144 2705 1255 2771 verbis
1275 2703 1344 2769 illu-

254 2837 325 2895 strat.
364 2833 434 2898 Sed
459 2831 549 2915 apud
570 2826 694 2894 Melam
717 2849 850 2914 qnoque
873 2828 1108 2908 „Amazonum
1127 2828 1255 2913 regnu“
1275 2848 1342 2891 non

256 2965 313 3012 csse
333 2949 581 3035 appositionem
607 2949 652 3013 ad
672 2947 861 3031 „Maeotici
883 2946 1265 3054 yuvacxonparpdpevoc“
1284 2968 1343 3012 ve·

255 3083 308 3130 run
323 3067 593 3153 interpunctione
620 3076 775 3132 correcta
802 3087 823 3132 a
844 3067 951 3134 uerbo
971 3067 1131 3146 „tenent“
1153 3078 1232 3152 apta
1253 3087 1342 3152 esse,

255 3187 516 3252 crecentioribus
538 3186 739 3252 intellectum
763 3198 826 3252 est.
872 3187 972 3263 Quod
995 3196 1105 3250 autem
1127 3186 1216 3270 apud
1238 3185 1342 3251 Daie-

255 3305 391 3387 canpinm
411 3306 446 3370 in
471 3307 620 3392 margine
641 3306 844 3370 adscribitur
871 3305 1078 3369 Amazonum
1100 3327 1201 3394 reque
1225 3305 1266 3371 V.
1274 3359 1285 3390 ,
1308 3305 1341 3370 id

255 3437 304 3483 non
322 3444 338 3486 e
355 3421 438 3490 libro
464 3425 528 3490 Ms.
552 3422 739 3508 profectum
760 3447 838 3490 esse
864 3425 1021 3505 arbitror,
1045 3424 1106 3490 sed
1128 3424 1217 3489 bunc
1232 3425 1342 3510 ipsum

255 3535 400 3625 Pomponii
421 3541 532 3609 locum
556 3544 668 3611 aviro
693 3545 803 3630 aliquo
827 3546 926 3610 docto
950 3543 1097 3622 laudari,
1125 3546 1180 3631 qni
1201 3546 1341 3610 Plinium

257 3676 363 3743 quoqne
384 3665 430 3730 ita
452 3663 634 3748 scripsisse
661 3665 849 3728 coniiceret.
895 3665 1082 3730 Prudenter
1105 3665 1189 3728 enim
1213 3662 1281 3728 Sill.
1305 3687 1339 3748 p.

256 3770 355 3842 xxix.
375 3779 464 3848 inter
486 3781 589 3868 siglas
601 3783 646 3848 M.
660 3795 693 3849 et
707 3782 748 3852 V.
765 3785 885 3868 quibus
909 3806 993 3850 usus
1016 3793 1069 3849 est
1087 3780 1340 3866 Daleoampins,

257 3891 290 3956 ita
304 3897 453 3981 distinxit,
477 3911 512 3966 ut
537 3900 642 3966 altera
662 3913 753 3968 certe
774 3903 988 3970 coniecturas
1004 3903 1150 3968 virorum
1168 3901 1339 3965 doctorum

258 4017 411 4091 permultas
433 4021 674 4106 comprehendi
700 4022 899 4088 admitteret.
946 4022 1044 4096 Quod
1073 4022 1119 4086 ita
1146 4041 1184 4084 se
1213 4019 1340 4085 habere

258 4149 320 4209 prae
339 4137 470 4226 reliquis
492 4138 707 4207 annotatione
729 4140 939 4226 Delecampii
962 4141 1010 4204 ad
1024 4137 1143 4206 vtttt.
1167 4139 1341 4205 confirma·

260 4257 310 4330 tnr,
333 4257 384 4320 nbi
410 4259 499 4327 baec
526 4261 667 4347 margini
695 4260 892 4345 adscripsit:
934 4255 1073 4345 „Certim
1104 4259 1223 4324 Omnia
1252 4259 1340 4324 blant.

261 4365 377 4439 Quidam
408 4381 505 4446 etiarn
541 4393 678 4447 veteres
714 4379 855 4458 babent,
892 4376 1052 4442 abactor
1107 4378 1198 4447 Male
1230 4389 1341 4444 tamen

262 4481 301 4549 5¹¹0
325 4495 464 4582 quisquis
491 4499 563 4566 fnit.
613 4499 701 4565 Nam
729 4499 761 4563 id
789 4497 900 4583 potius
927 4496 1008 4560 dixit
1037 4494 1173 4577 Plinius,
1207 4497 1342 4564 Sarma·

209 4590 210 4649 l
264 4611 304 4671 1³⁸
333 4629 504 4702 propterea
532 4619 936 4704 Gynaeuoeratumenous
969 4613 1149 4700 appellari,
1187 4615 1341 4702 quoniam
