3700 5625
494 597 538 669 4'4
690 639 696 649 ·
958 601 1058 669 Liber
1077 601 1145 671 JV.
1176 602 1181 609 ’

488 797 630 854 ‘orm
647 788 696 853 *ia
718 787 837 855 temo
864 788 970 855 urbe.
996 786 1225 876 'Quondam
1252 792 1425 876 praetereo
1453 790 1607 880 oppidum

535 906 638 974 'Crisa
657 923 732 995 sqq.

580 1028 702 1093 Parum
727 1023 907 1114 praeterea
935 1026 999 1093 sibi
1022 1027 1169 1092 constitit
1189 1025 1337 1113 Silligius
1358 1028 1436 1094 dum
1459 1016 1608 1114 optimos

489 1146 634 1213 ‘codices
655 1145 687 1210 A
709 1157 742 1212 et
756 1142 796 1211 'R
814 1165 899 1231 quos
919 1146 954 1209 in
977 1165 1017 1210 re
1038 1146 1138 1211 dubia
1158 1166 1243 1232 prae
1266 1147 1391 1214 ceteris
1410 1148 1607 1235 sequendos

495 1280 575 1336 esse
596 1277 691 1334 recte
716 1264 858 1343 iudicat,
891 1262 947 1328 hic
974 1264 1109 1331 deserit
1152 1266 1374 1343 scribendum
1394 1281 1447 1335 est
1476 1268 1567 1334 enim
1589 1288 1608 1332 e

488 1389 591 1454 eodm
610 1386 700 1465 Atta,
721 1385 918 1469 quibuscum
939 1386 1106 1450 consentit
1117 1384 1217 1450 Mart.
1229 1384 1369 1470 Capella
1381 1386 1495 1474 psol,
1516 1408 1608 1450 moro

494 1516 559 1572 tent
579 1504 789 1584 Heliconem
810 1512 849 1568 ut
868 1500 960 1567 infra
979 1502 1007 1589 ᾗ,
1019 1502 1050 1568 9.
1063 1523 1091 1569 e
1113 1504 1187 1569 cod.
1201 1502 1234 1569 A
1255 1514 1364 1572 antea.

434 1716 476 1782 62
528 1755 532 1763 ,
620 1758 624 1767 ,
734 1758 779 1789 ζ’,
943 1682 1145 1777 12.-.·5,6,.
1233 1686 1246 1699 ”

544 1833 694 1936 Oppida
720 1833 878 1928 Helice,
905 1832 1029 1930 Bura,
1063 1834 1101 1910 iu
1133 1860 1229 1937 quae
1262 1837 1435 1938 refugere
1460 1835 1606 1916 haustis

542 1971 729 2073 prioribus
756 1970 921 2071 Sicyon,-
936 1970 1088 2072 Aegira,
1115 1972 1288 2073 Aegium,
1310 1974 1483 2050 Erineos.

483 2133 486 2142 '
541 2115 544 2122 ’
573 2143 624 2208 na
646 2142 753 2207 verta
777 2140 869 2208 enm
890 2139 1037 2230 sargus
1059 2142 1273 2227 interpunxit,
1295 2151 1331 2209 ut
1349 2124 1509 2209 narrum
1530 2162 1607 2207 sen.

491 2235 625 2328 tentiam
645 2236 971 2345 amplectlvideatur.
1002 2260 1062 2327 llle
1081 2262 1167 2326 enirn
1189 2264 1315 2327 maiore
1336 2262 1607 2347 interpunctione

491 2392 569 2478 post
587 2380 685 2444 Bura
706 2380 819 2465 posita
840 2380 1004 2465 proximis
1026 2382 1140 2447 verbis
1162 2402 1204 2447 ea
1224 2382 1348 2469 oppida
1369 2380 1513 2445 indicari
1536 2390 1604 2445 sta-

490 2482 560 2583 tuit,
580 2500 613 2596 in
636 2519 722 2584 quae
743 2499 877 2565 incolae
900 2500 1059 2583 priorum,
1084 2521 1170 2587 quae
1192 2501 1354 2567 hauserat
1368 2520 1470 2579 mare,
1490 2511 1603 2565 trans-

491 2591 683 2717 migrarunt,
708 2618 889 2703 Sicyonem
911 2618 1052 2704 reliqua,
1074 2630 1174 2705 atque
1198 2622 1316 2685 eadem
1338 2620 1400 2686 viri
1411 2618 1500 2685 docti
1516 2616 1602 2703 (Da-

483 2712 658 2824 lecampii‚
682 2738 892 2824 ut'videtur)
920 2736 982 2803 fuit
1003 2740 1116 2824 opinio
1151 2740 1206 2826 qui
1230 2739 1264 2803 in
1287 2740 1433 2826 margine
1455 2736 1603 2825 exempli

487 2859 724 2946 Lugdunensis
751 2868 784 2923 et
803 2868 880 2924 ante
903 2851 1089 2943 inputavit
1110 2859 1323 2952 inserendum
1345 2879 1433 2927 esse.
1477 2859 1603 2926 Mirum

487 2979 520 3042 iu
541 2978 672 3043 modum
694 2988 849 3043 errarunt
871 2998 1000 3048 omnes.
1020 2973 1023 2979 ’
1045 2976 1182 3044 Scilicet
1197 2957 1362 3063 prioribus
1376 2977 1473 3044 Buris
1485 2988 1603 3045 terrae

486 3108 577 3163 motu
600 3097 779 3163 destructis
792 3117 912 3165 novam
925 3097 1041 3162 urbem
1056 3096 1286 3182 cognominem
1300 3096 1429 3163 incolae
1441 3098 1473 3162 in
1483 3107 1601 3164 moute

485 3220 593 3285 vicino
614 3218 847 3302 condiderunt,
868 3237 968 3302 quam
989 3217 1076 3283 sicut
1096 3215 1206 3282 locum
1219 3215 1360 3306 Helicen
1380 3217 1461 3283 vidit
1483 3227 1516 3282 et
1540 3219 1597 3282 de·

453 3333 459 3353 ¹
485 3339 621 3423 scripsit
637 3337 822 3401 Pausanias
830 3333 998 3403 vrttes.
1011 3334 1162 3403 orites.
1187 3337 1406 3402 scribendum
1417 3347 1470 3401 est
1479 3337 1598 3421 igitur:

496 3506 500 3514 .
524 3454 655 3537 Helice,
664 3452 761 3520 Bura
773 3455 810 3517 ia
822 3474 906 3544 quae
914 3449 1065 3542 refugere
1080 3453 1207 3520 haustt's
1216 3454 1391 3543 prioribus,
1402 3453 1525 3544 Sicyon
1534 3455 1598 3522 rel.

424 3625 486 3713 63³
512 3630 516 3637 ⁴
941 3622 988 3696 13
1001 3625 1091 3718 εὖ,
1105 3624 1141 3698 θ’.

470 3865 477 3880 ⁹
527 3768 706 3852 Erineos.
728 3773 835 3849 Intus
857 3772 1033 3869 Cleonae,
1059 3773 1227 3875 Hysiaes,
1249 3776 1481 3852 Panhormus
1507 3800 1597 3877 por-

510 3911 975 4009 ¹lustlemoustratumque
1000 3910 1073 3986 iam
1082 3897 1281 3987 Rhium...
1304 3913 1463 4013 'Cyllene
1476 3911 1596 4009 sinus,

530 4045 823 4149 promontorium
851 4045 1087 4136 Chelonates,
1108 4048 1207 4123 unde
1235 4047 1472 4150 Cylleneu'V
1487 4047 1595 4148 Mp„

475 4264 484 4281 ‚-
529 4171 721 4284 castellum
749 4181 901 4291 Phlius,
939 4208 1035 4285 quae
1065 4184 1168 4284 regio
1200 4187 1245 4262 ab
1278 4185 1449 4262 Homero
1475 4186 1595 4261 Arue-

487 4391 492 4407 ‚
524 4321 666 4420 ,thyrea
698 4320 795 4397 dicta
827 4331 904 4419 est,
934 4330 1068 4421 postea
1098 4295 1247 4422 Asopis.
1305 4322 1399 4399 Inde
1421 4309 1594 4400 Eliorum

476 4518 480 4523 .
529 4475 707 4557 ager-etc

565 4607 643 4674 Alia
654 4609 880 4697 Peloponnesi
900 4609 1073 4696 regionum
1097 4610 1327 4677 distributione
1352 4607 1592 4676 utitorrmtm
