3700 5625
708 585 807 651 Liber
829 587 930 653 XIV.
1319 592 1381 659 179

206 867 207 872 ¹
327 773 558 864 conveniunt3
591 773 628 848 in
663 775 761 848 lora
793 787 897 849 recte
925 777 1145 853 conduntur.
1187 778 1292 878 Quas
1318 803 1378 853 su-

206 929 207 994 3
326 907 500 1008 spondas,
534 909 746 1004 duracinae,
779 909 954 986 Amineas
981 912 1140 988 maiores
1168 928 1212 988 et
1238 913 1379 989 Scan·

324 1043 472 1118 tianae
500 1043 919 1144 opportunissimas
949 1061 1094 1122 esse'

354 1210 475 1276 Ultima
502 1213 605 1276 verba
633 1221 666 1278 at
694 1209 896 1304 Scantiniam
927 1215 1214 1302 opportuarbaimca
1244 1235 1312 1282 asse
1344 1215 1379 1280 itt

282 1331 436 1409 omnibus,
469 1344 624 1416 qnantum
654 1333 742 1410 scio,
775 1334 950 1400 codicibus
972 1334 1099 1399 omissa
1121 1334 1269 1420 Silligius
1298 1355 1379 1401 sea

282 1449 398 1514 Catone
421 1451 594 1538 recepisse
619 1453 673 1520 ait.
722 1453 868 1516 Fecerat
891 1453 923 1517 id
942 1455 1074 1539 quidem
1095 1455 1160 1518 iam
1179 1465 1279 1519 antea
1300 1454 1381 1520 Piu-

216 1541 219 1550 Ι
282 1569 396 1646 tianus,
425 1570 488 1634 scd
509 1572 681 1636 immerito.
730 1571 902 1656 Leguutur
924 1574 1057 1658 quidem
1079 1573 1169 1659 apud
1189 1573 1379 1640 Varronem

281 1687 324 1752 lle
344 1689 395 1753 Re
420 1691 547 1754 rustica
575 1691 597 1757 l.
615 1691 673 1772 58,
704 1711 820 1758 verum
850 1695 940 1778 apud
968 1692 1130 1759 Catonern
1166 1713 1196 1756 c.
1220 1693 1259 1776 7,
1289 1691 1381 1777 apud

281 1829 366 1892 quam
391 1829 479 1896 quae
502 1812 730 1895 praecedunt,
756 1812 951 1879 verisimili
978 1811 1173 1877 coniectura
1199 1812 1380 1878 emendare

207 1965 208 2004 3
281 1946 455 2010 aggressus
479 1937 531 1992 est
548 1926 588 1990 H.
603 1927 733 1993 Keilius
751 1928 782 1993 in
803 1929 904 1997 Obss
925 1930 1000 1994 crit.
1021 1929 1055 1994 iu
1077 1927 1217 1995 Catonia
1238 1940 1274 1994 et
1293 1930 1380 1995 Var-

280 2046 360 2110 ronis
382 2046 426 2111 dc
448 2067 486 2110 re
509 2057 592 2115 rust.
616 2045 718 2112 libros
740 2047 811 2114 Hal.
836 2046 1116 2116 mucccxuut
1135 2071 1169 2134 p.
1184 2046 1243 2126 48,
1273 2069 1380 2136 aeque

280 2175 368 2250 atque
397 2166 430 2228 in
459 2163 552 2231 Plinii
584 2165 676 2231 libris
701 2166 832 2232 desunt.
883 2167 1002 2254 Neque
1027 2166 1160 2231 omnino
1179 2164 1383 2234 Scantianas

280 2281 444 2350 aCatone
472 2286 660 2350 nontinatas
686 2307 766 2352 esse
797 2286 958 2372 proximis
985 2286 1099 2351 verbis
1125 2285 1383 2352 demonstratur.

280 2403 352 2468 Nam
375 2404 421 2468 ibi
449 2405 650 2488 „Amineam
674 2405 825 2488 proxime
853 2405 974 2470 dictam
997 2403 1107 2484 Varro
1140 2403 1383 2470 Scantiauam“

281 2541 417 2586 vocasse
448 2521 659 2606 perhibetur,
691 2522 779 2586 unde
809 2522 897 2607 apud
928 2521 1114 2588 Varronem
1140 2542 1208 2588 non
1233 2529 1266 2586 et
1287 2519 1384 2586 Arai-

280 2661 348 2704 areae
367 2651 401 2703 et
422 2639 636 2722 Scanticnes,
657 2643 717 2706 sed
741 2650 772 2706 el
792 2641 951 2706 Amineas
970 2665 1029 2706 rau
1048 2641 1250 2708 Sebastianus
1270 2640 1382 2729 legeu-

281 2759 345 2825 dum
374 2779 456 2825 esse
484 2769 637 2845 apparet.
688 2758 734 2825 At
758 2781 839 2825 vero
865 2760 993 2839 locum,
1022 2773 1059 2827 ut
1084 2761 1186 2848 vulgo
1212 2763 1383 2843 scribitur,

281 2878 404 2965 intelligi
435 2900 576 2965 prorsus
604 2900 669 2943 non
702 2900 805 2964 posse
834 2882 1005 2947 contendit
1030 2882 1191 2966 Silligius.
1249 2882 1384 2969 Quippe

281 3017 336 3063 non
358 2998 557 3087 meminerat
580 2998 788 3063 attractionis
811 2999 844 3063 ln
861 3010 993 3065 vetusto
1010 3020 1168 3067 sermone
1186 2999 1384 3087 frequentis,

282 3116 316 3181 de
335 3138 401 3203 qun
426 3116 553 3201 Popma
580 3114 633 3181 Dc
655 3136 717 3180 usu
741 3127 809 3181 ant.
831 3115 933 3185 locut.
963 3117 997 3181 in
1016 3118 1071 3183 ed.
1091 3115 1231 3187 Sallust.
1254 3118 1383 3184 {laver-

282 3256 380 3321 oamp.
408 3237 446 3301 ll.
468 3260 500 3321 p.
519 3234 592 3301 307.
620 3237 786 3303 disseruit.
837 3236 944 3301 Sicuti
968 3237 1055 3301 enim
1080 3237 1113 3300 in
1141 3238 1293 3303 oratione
1323 3257 1386 3322 pro

281 3353 347 3441 lege
359 3356 515 3421 Vbconia
534 3353 648 3419 habita
667 3374 721 3437 ap.
735 3353 865 3439 Meyer.
882 3376 916 3439 p.
934 3354 1004 3418 101.
1027 3355 1108 3419 dixit
1122 3352 1224 3421 Cato:
1246 3375 1386 3441 „agrum

284 3494 369 3559 quem
391 3476 446 3542 vir
466 3472 569 3539 habet
593 3471 746 3536 tollitur“
767 3483 800 3538 ct
820 3472 990 3556 Originum
1014 3471 1054 3538 ir.
1069 3472 1100 3538 ὅ.
1124 3473 1177 3539 ed.
1202 3474 1386 3562 Wagener.

205 3670 207 3675 ,
284 3613 413 3681 „agrum
439 3612 538 3677 quem
563 3589 681 3655 Vulsci
701 3590 889 3655 babuerunt
908 3592 1110 3675 campestris
1130 3591 1247 3675 plenus
1267 3592 1387 3659 Abori·

284 3714 383 3795 ginum
406 3711 506 3789 fuit“,
527 3708 639 3799 quidni
657 3706 712 3773 bic
733 3728 865 3794 quoque
887 3708 932 3771 ita
953 3708 1044 3795 loqui
1066 3713 1191 3793 potuit:

322 3845 414 3933 Quane
430 3844 613 3931 suspendas
632 3843 825 3921 duracinae,
846 3843 1007 3907 Amineas
1026 3845 1177 3923 maiores,
1198 3846 1251 3909 vel
1270 3845 1315 3910 ad
1333 3842 1389 3932 [a-

320 3966 411 4031 btum
432 3962 613 4053 serrarium
630 3985 690 4049 pro
709 3964 814 4049 passis
834 3962 898 4027 dne
918 3972 1213 4047 reclamantur,

205 4174 206 4179 γ
287 4100 304 4163 i.
323 4123 351 4168 e.
377 4101 562 4167 duracinae
593 4115 626 4164 et
647 4098 809 4163 Amineae
832 4118 918 4184 quae
941 4100 1104 4184 suspendi
1121 4098 1247 4178 solent,
1278 4120 1391 4186 „peu-

288 4219 363 4305 sili“,
383 4231 421 4284 nt
434 4218 556 4285 Plinius
568 4218 596 4304 §.
612 4216 660 4281 16.
683 4215 836 4303 loquitur,
857 4229 1143 4295 „concamaratae
1164 4219 1291 4303 nodo“,
1315 4238 1392 4285 eae·

205 4318 207 4351 ³
289 4339 355 4403 dem
375 4340 477 4403 etiam
499 4337 588 4419 apud
603 4334 734 4399 fabrum
747 4346 938 4410 servantur,
958 4347 997 4398 ot
1011 4335 1143 4401 scilicet
1162 4336 1243 4402 fumi
1263 4335 1393 4405 fabrilis

205 4498 207 4509 ι
291 4460 422 4543 gratiam
448 4459 692 4523 nanciscantur
724 4456 775 4539 (v.
796 4438 950 4537 ibidem).
1003 4453 1054 4519 De
1084 4456 1137 4521 his
1158 4456 1259 4541 igitur
1278 4458 1393 4523 verbis

205 4602 206 4623 ¹
290 4580 444 4645 inmerito
460 4576 609 4663 Silligius
631 4576 762 4642 videtur
785 4574 970 4656 dubitasse,
994 4574 1027 4637 in
1050 4576 1324 4643 antecedentibus
1345 4577 1394 4641 in·

205 4740 206 4797 g
293 4699 518 4783 terpnnetiona
539 4694 679 4781 peccari
698 4712 765 4759 non
782 4690 1026 4758 animadvertit.
1052 4691 1162 4766 Quum
1182 4694 1268 4761 eninr
1285 4693 1394 4761 Varro

1113 4809 1182 4878 ta*
