3700 5625
718 749 807 813 Liber
825 754 930 815 XXX.
1088 808 1090 813 .
1316 742 1377 812 185

320 980 350 1033 o,
365 959 442 1043 lu),
465 945 538 1022 limi
556 943 776 1046 gallinarum
793 946 885 1024 cinis
903 944 1209 1035 exulcerationes
1237 944 1378 1022 colum-

322 1077 694 1157 mmmm.

355 1211 505 1295 1118111,
531 1214 645 1277 melius
666 1214 732 1279 Ian.
755 1219 926 1299 posteinie
949 1189 1108 1295 distinxit,
1144 1230 1248 1297 neque
1269 1217 1377 1275 tamen

272 1330 376 1393 locum
399 1330 594 1414 personavit.
617 1331 763 1413 Namque
785 1336 820 1395 ut
841 1351 926 1395 nunc
948 1333 1098 1415 leguntur
1114 1328 1222 1408 verba,
1245 1328 1378 1413 scriptor

273 1448 412 1512 cinerem
434 1447 501 1511 fimi
522 1448 712 1533 gallinarum
734 1448 882 1513 omuibus
903 1448 1062 1512 ulceribus
1083 1446 1216 1532 pedum,
1237 1446 1377 1515 cinerem

272 1565 445 1631 columbini
470 1568 536 1633 fimi
566 1567 856 1631 exulcerationibus
886 1564 1010 1629 mederi
1032 1565 1076 1629 sit
1092 1584 1245 1650 «eumque
1275 1564 1377 1629 solum

271 1703 312 1746 ex
334 1684 407 1747 oleo
430 1686 623 1771 appositum.
651 1687 696 1749 At
718 1685 772 1770 qui
793 1683 978 1749 melioribus
1000 1683 1096 1748 Plinii
1117 1682 1280 1747 codicibus
1302 1696 1379 1745 usus

272 1808 321 1865 est
365 1800 535 1867 Marcellus
576 1803 756 1888 Empiricos
799 1822 824 1866 e.
869 1803 908 1869 34
952 1823 983 1888 p.
1012 1800 1072 1869 397
1102 1803 1131 1865 D
1175 1799 1225 1864 ed.
1269 1799 1378 1885 Steph.

270 1919 399 2006 utrique
428 1922 540 2006 generi
566 1920 701 1985 eandem
729 1920 793 1984 vim
826 1920 987 2001 attribuit,
1020 1919 1145 2004 utrique
1171 1895 1276 1985 oleum
1304 1916 1379 1983 addi
1435 1957 1443 1969 -

270 2037 370 2102 iubet.
406 2036 511 2119 ,Fimi‘
539 2039 642 2125 inquit
664 2038 864 2132 ,galliparum
885 2037 937 2102 vel
958 2036 1129 2101 columbini
1151 2037 1230 2103 cinis
1252 2056 1379 2108 omnem

271 2155 546 2221 exulcerationem
572 2155 690 2241 pedum
724 2157 839 2220 sanat‘
882 2154 1033 2241 Sequitur
1063 2176 1126 2220 uno
1156 2154 1253 2219 verbo
1275 2162 1377 2219 trans·

270 2268 376 2356 posito
399 2272 603 2339 scribendum
625 2293 712 2338 esse:
732 2276 802 2349 fimi
820 2279 1002 2352 pullicorum
1026 2278 1112 2355 11111,
1137 2278 1296 2337 columbini
1313 2275 1380 2348 fimi

270 2410 311 2454 ex
334 2397 399 2453 oleo
422 2397 669 2457 exulcerationes.

255 2508 259 2513 ’
755 2508 887 2575 ibidem.
1399 2540 1463 2613 668

319 2625 479 2701 Attritus
503 2623 825 2703 calciamentorum
851 2609 989 2705 veteris
1015 2626 1141 2705 soleae
1170 2625 1378 2723 [crematae]
1432 2677 1463 2719 ¹·

320 2758 414 2854 cinis
438 2765 592 2850 (sanat).

351 2894 517 2973 ,Exustae‘
541 2894 649 2957 soleae
672 2893 811 2957 cinerem
834 2892 945 2958 laudat
961 2891 1131 2956 Marcellus
1154 2893 1195 2960 34
1216 2894 1319 2980 p.400
1341 2893 1379 2975 u,

268 3016 419 3074 neutrum
441 3011 631 3074 vocabulum
658 3009 810 3075 librorum
832 3010 923 3075 Mes.
955 3010 1144 3075 auctoritate
1176 3011 1378 3076 commenda-

268 3136 335 3208 tur,
369 3148 445 3190 nam
468 3134 525 3192 ooli
555 3134 629 3192 cinis
650 3127 713 3192 Rd
735 3127 872 3210 habent,
905 3134 980 3193 ciuis
1001 3127 1038 3194 V.
1084 3130 1196 3212 Itaque
1235 3135 1380 3213 praestat

269 3266 383 3310 vocem
406 3245 537 3311 minime
559 3247 774 3311 necessariam
796 3245 913 3310 delere.
1168 3245 1175 3256 '

564 3402 797 3488 83:10‚2l.
842 3399 910 3489 (de
939 3397 1090 3491 ricino).
1385 3377 1459 3505 ι669
1488 3401 1497 3416 ’

319 3529 481 3606 eundem
505 3530 542 3605 io
567 3530 721 3628 augurio
748 3528 910 3607 vitalium
937 3530 1085 3608 habent.

309 3664 358 3725 lta
370 3661 533 3726 Barbarus
552 3662 780 3727 econiectura:
804 3663 868 3727 alio
884 3662 1035 3728 librorum
1048 3662 1137 3728 MSS.
1150 3662 1288 3727 lectione
1306 3667 1376 3738 suo·

268 3784 373 3842 ditium
401 3799 462 3842 nos
490 3777 563 3844 duci
585 3780 681 3844 Ianus
712 3780 746 3845 in
772 3780 1378 3866 programmateSuevoiurteusi1858

267 3919 296 3981 p.
319 3900 359 3963 11
385 3897 445 3973 (ci.
466 3894 577 3959 Philol.
601 3896 682 3961 XXI
705 3921 736 3983 p.
759 3898 838 3975 107)
872 3897 1107 3963 animadvertit.
1151 3897 1245 3972 Quod
1268 3906 1375 3962 autem

266 4015 370 4099 ipsum
393 4014 585 4079 vocabulum
604 4020 771 4090 frindtcium
795 4037 813 4080 a
834 4015 935 4082 fundo
956 4016 977 4080 i.
1001 4037 1028 4080 e.
1050 4023 1180 4081 auctore
1198 4014 1375 4080 derivatum

267 4132 398 4196 retineri
429 4131 545 4214 vbluit‚
581 4139 752 4218 propterea
779 4132 1028 4219 improbandum
1060 4141 1109 4198 est
1138 4132 1224 4218 quod
1258 4155 1398 4198 novum·

269 4249 402 4313 verbum
424 4247 571 4332 procudit
597 4248 694 4335 idque
716 4251 756 4315 ab
780 4272 819 4316 ec
847 4256 976 4316 nomine
998 4250 1152 4318 derivavit
1174 4252 1264 4316 ouius
1285 4252 1317 4316 in
1340 4272 1375 4316 re

270 4367 414 4453 augurali
435 4387 592 4453 nusquam
614 4369 733 4434 mentio
755 4368 841 4433 faeta
863 4374 920 4434 est.
963 4370 1059 4435 Aliud
1081 4372 1115 4434 in
1136 4376 1284 4456 promptu
1307 4379 1376 4434 eret

269 4486 363 4571 idque
387 4485 414 4548 ei
437 4484 513 4571 quid
528 4484 621 4550 video
644 4493 677 4549 et
697 4456 872 4550 litterarum
896 4486 1044 4553 ductibus
1067 4495 1099 4552 et
1113 4488 1254 4574 auguriis
1276 4487 1373 4572 aptis·

269 4602 400 4684 simum,
433 4603 519 4688 quod
551 4603 584 4666 in
612 4605 697 4668 notis
720 4604 901 4670 Tironiaois
923 4627 954 4692 p.
977 4606 1018 4673 90
1039 4605 1080 4670 ab
1103 4612 1213 4670 indicio
1238 4605 1374 4686 ducitur,

268 4727 278 4783 ι’
284 4727 348 4785 odi
354 4714 482 4785 cisum.
507 4721 535 4805 ξ.
547 4720 589 4788 92
605 4721 702 4786 lanus
713 4722 941 4787 rectissimeute
952 4738 1068 4789 mortuo
1082 4727 1217 4811 scripsit,
1232 4731 1373 4789 ceterum
