3700 5625
503 557 567 624 114
943 556 1176 626 mserum.

503 743 694 829 potuerunt.
746 741 926 824 Exoibiss'e
953 745 1079 832 abunirl
1098 743 1250 830 Silligius
1270 745 1398 831 putarit
1416 755 1453 813 et
1476 742 1601 809 Plinium

503 863 702 946 scripsisse:
728 885 789 927 aneo
809 861 891 926 beer
914 863 1000 950 ula,
1025 865 1123 928 imm
1143 865 1248 930 multe
1273 863 1383 928 multis
1402 863 1599 929 animalibus.

503 983 707 1049 Sententiam
730 992 765 1045 ut
786 981 852 1046 dixi
866 991 970 1048 ¹recte
990 983 1158 1068 explienit„
1187 982 1314 1049 Plinius
1334 983 1422 1047 euim
1438 996 1603 1068 postquam

503 1101 633 1166 dnobus
654 1099 827 1186 exemplis,
845 1099 1076 1186 hippopotami
1096 1111 1132 1166 et
1151 1101 1227 1179 ibis,
1249 1101 1493 1166 demonstrarit
1502 1101 1534 1164 in
1545 1101 1604 1186 qui·

502 1219 643 1285 busdam
672 1217 826 1282 medendi
853 1217 1006 1303 partibus
1028 1220 1071 1282 ab
1093 1217 1292 1283 animalibus
1312 1217 1467 1284 homines
1489 1218 1604 1301 doceri

502 1336 597 1421 plura
619 1336 717 1402 etiam
738 1333 931 1421 prolaturus
946 1347 1008 1404 est.
1034 1336 1162 1404 Verum
1178 1338 1216 1402 iul
1237 1338 1346 1422 ipsam
1366 1336 1458 1403 nulla
1481 1339 1603 1403 omnino

501 1458 681 1523 mutatione
700 1454 794 1522 laeta
809 1476 896 1542 qnae
917 1458 951 1522 in
972 1458 1125 1523 omnibus
1143 1456 1488 1542 eodioibnsleguntur
1501 1456 1603 1538 verba,

501 1576 601 1641 modo
621 1583 700 1660 apte
724 1575 979 1660 distinguantur,
1001 1573 1193 1662 significare
1216 1573 1425 1640 manifestum
1450 1585 1515 1641 est.
1548 1573 1603 1638 Le-

501 1695 645 1779 gendnm
667 1704 720 1759 est
741 1693 843 1758 enirn:

542 1813 619 1878 Nee
630 1811 808 1877 baccaulus
825 1811 937 1890 multis
949 1811 1149 1878 animalibus
1162 1833 1228 1900 rep.
1236 1820 1316 1876 sunt
1326 1807 1478 1897 ausisset.
1490 1821 1524 1874 et
1532 1809 1603 1873 lon.

584 1934 623 1998 ld
645 1944 716 1999 est:
738 1953 803 1998 neu
824 1933 910 1999 baec
931 1934 1006 2002 sola
1026 1933 1150 2000 bomini
1170 1932 1244 2000 asni
1264 1930 1376 1999 future
1393 1931 1441 1994 ab
1459 1929 1515 1995 his
1536 1928 1604 1992 duo-

500 2055 563 2122 bus
589 2051 787 2131 animalibus
816 2061 953 2136 reperta
975 2061 1070 2130 sunt,
1098 2050 1161 2117 sed
1189 2046 1344 2115 amultis
1371 2045 1452 2114 talia
1481 2047 1604 2112 inventa

500 2191 579 2238 esse
599 2167 762 2254 exemplis
785 2165 895 2252 palam
918 2142 990 2232 fiet<

584 2288 619 2351 ln
632 2287 791 2371 proximis
808 2285 932 2364 verbis,
954 2304 1041 2371 ptrue
1055 2281 1201 2368 Silligins
1214 2270 1332 2368 aperte
1353 2294 1519 2367 corrupta
1535 2300 1603 2346 esse

500 2405 706 2489 pronuntiat,
742 2423 784 2468 tre
812 2402 1079 2488 interpunctione
1107 2401 1240 2485 qrntlem
1269 2376 1356 2485 opus
1382 2411 1448 2472 est.
1500 2400 1604 2465 Verba

501 2522 605 2596 enim:
631 2521 832 2598 dictamnum
853 2516 988 2582 barbam
1017 2514 1233 2598 extrahendis
1257 2517 1384 2606 sapittis
1410 2520 1504 2591 emi
1525 2540 1602 2582 mon·

500 2649 664 2720 snubere,
690 2637 848 2724 percussi·
864 2659 902 2703 eo
934 2637 996 2702 telo
1014 2644 1176 2731 pastuque
1198 2637 1269 2700 eires
1287 2615 1408 2701 beriae
1434 2639 1538 2704 eiecto
1564 2638 1603 2700 ita

501 2760 654 2827 videntur
683 2757 885 2843 explicanda
919 2777 1013 2827 essex
1047 2757 1169 2836 „cervi
1202 2776 1301 2845 quum
1332 2776 1373 2839 ep
1398 2756 1469 2825 telo
1499 2760 1604 2827 idest

500 2879 631 2963 sagittis
652 2875 805 2961 percussi
827 2886 944 2941 essent
971 2886 1070 2962 atque
1095 2886 1171 2959 post
1193 2886 1324 2962 pastum
1352 2875 1484 2942 herbae
1506 2876 1603 2939 idest

501 2998 556 3061 nbi
583 2995 721 3061 herbam
749 2996 890 3061 ederunt
921 2996 1009 3061 idern
1036 2994 1137 3068 telum
1167 2994 1327 3061 elicerent
1350 2999 1602 3063 monstravere“

500 3114 558 3182 rel.
602 3112 757 3181 Ceterum
780 3116 844 3181 iam
866 3112 1058 3180 Harduinus
1079 3113 1123 3177 ita
1145 3113 1297 3180 sensisse
1318 3113 1463 3189 videtur*-
1486 3151 1530 3163 -

451 3316 453 3321 -
584 3270 652 3335 Cur
674 3270 793 3337 deinde
815 3270 844 3357 §.
858 3267 909 3337 98.
930 3288 951 3332 a
971 3267 1109 3351 vulgata
1126 3267 1293 3351 scriptura
1315 3274 1439 3330 venatu
1460 3264 1601 3349 Silligins

499 3390 723 3454 recedendum
745 3410 823 3453 esse
843 3389 1102 3468 existimaverit,
1123 3408 1190 3452 non
1212 3386 1377 3471 intelligo,
1398 3391 1515 3473 neque
1530 3385 1599 3472 qnid

499 3508 541 3569 ad
566 3505 764 3587 scripturam
783 3512 940 3565 uenatum
959 3525 1057 3588 quam
1079 3503 1230 3581 sensili
1243 3504 1383 3589 recepit,
1407 3505 1599 3571 confirman-

499 3624 574 3687 rlam
594 3620 690 3685 locus
712 3619 853 3693 Aristot.
876 3618 961 3686 llist.
981 3620 1081 3683 anim.
1103 3622 1160 3701 lX.
1179 3620 1209 3687 6.
1232 3620 1403 3701 conferat,
1424 3621 1598 3708 perspicio.

499 3744 625 3809 Contra
635 3750 812 3825 serpentes
830 3739 915 3804 enirn
931 3740 1041 3803 eunila
1053 3740 1144 3805 vires
1154 3740 1310 3805 relevere
1325 3740 1443 3806 dieitur
1462 3740 1600 3821 testudo,

426 3842 429 3851 Ι
471 3831 476 3857 ἱ
497 3860 638 3931 mustela
659 3870 733 3924 ruta
756 3878 855 3945 quum
876 3856 908 3920 in
930 3857 1068 3921 mnrium
1091 3866 1213 3921 venatu
1235 3876 1309 3921 enm
1330 3858 1371 3921 iis
1392 3858 1415 3927 i.
1433 3880 1465 3928 e.
1489 3870 1598 3925 corana

297 4398 301 4407 ’
416 4408 474 4477 181

496 3974 674 4066 serpentes
697 3976 842 4053 ‹linrieet3
866 3987 967 4061 atque
990 3976 1023 4039 id
1043 3976 1085 4039 ab
1097 3975 1278 4041 Aristotele
1300 3999 1431 4064 quoque
1453 3976 1597 4046 traditur.

495 4100 701 4167 Accusativo
722 4120 804 4163 vero
827 4097 974 4161 absurde
995 4094 1258 4181 significaretur,
1287 4094 1450 4163 mustelae
1473 4100 1517 4163 ad
1538 4116 1597 4161 mu·

495 4220 578 4284 rium
599 4229 751 4282 venatum
773 4215 863 4280 vires
884 4211 1089 4278 refovendas
1117 4228 1206 4278 esse.
1398 4214 1402 4220 ’

795 4480 798 4487 1
916 4358 1180 4462 mamm
1413 4469 1515 4485 ¹,

513 4522 751 4603 ,Pantheras
774 4582 776 4591 ,
788 4518 988 4620 perfricata
1027 4542 1139 4603 carue
1177 4517 1324 4625 aconito
1366 4516 1452 4621 [-·.
1466 4541 1596 4602 rene·
