3700 5625
378 509 383 520 ’
476 566 537 634 ru
925 562 1026 635 rua
1048 565 1136 633 Vn.

476 771 585 838 aeque
611 753 793 837 corruptis.
845 749 1029 826 Manifesta
1050 750 1138 816 enltn
1159 750 1202 816 da
1224 747 1298 816 viro
1319 743 1518 814 Aetolorum
1532 745 1587 816 fu·

477 869 562 937 bulis
592 870 692 936 valde
719 869 890 936 celebrato
919 890 1032 935 sermo
1054 880 1126 948 est,
1159 870 1340 934 Titomum
1364 870 1462 949 dico,
1490 891 1589 956 quam

479 989 633 1074 corporis
651 989 774 1053 robore
798 987 950 1052 omuibus
970 985 1114 1051 Graecis
1136 987 1348 1071 praestitisse
1370 988 1588 1052 consentiens

477 1106 549 1172 tulit
571 1107 660 1191 apud
674 1115 809 1170 veteres
826 1103 926 1172 fama.
971 1105 1036 1180 Qui
1060 1118 1230 1190 pastorum
1255 1109 1523 1190 rusticorumque
1540 1107 1590 1171 vi·

478 1237 545 1291 tam
568 1235 601 1291 et
623 1223 826 1310 significavit
847 1239 880 1289 et
901 1224 1034 1289 nomine
1052 1226 1150 1288 etiam
1173 1222 1370 1292 declaravit.
1394 1223 1484 1298 Quid
1503 1225 1591 1289 cuim

478 1343 566 1408 aliud
596 1355 647 1407 est
672 1341 826 1429 Tiroppoc
856 1364 898 1407 ae
925 1341 1076 1428 Tt'rtpoq‚
1102 1363 1122 1406 a
1148 1365 1213 1427 quo
1241 1341 1408 1408 vocabulo
1438 1342 1590 1426 pleniore

479 1473 603 1527 tantum
625 1461 856 1526 terminatione
890 1460 1010 1525 distat‘l
1055 1462 1224 1536 Quocirca
1247 1461 1397 1546 Tityrum
1420 1459 1589 1539 Aetolum,

480 1581 575 1645 cuius
605 1577 672 1643 lilia
699 1578 828 1643 Helena
859 1579 949 1663 apud
976 1577 1201 1644 Ptolemaeum
1224 1577 1509 1663 Hephaestionem
1531 1579 1588 1643 lib.

478 1698 668 1782 1V.p.190.
685 1697 927 1763 ed.Westerm.
951 1719 971 1762 e
992 1710 1092 1782 poeta
1115 1696 1224 1782 aliquo
1248 1695 1491 1778 Alexandrino,
1512 1698 1591 1762 Ale·

477 1817 607 1882 xandro
631 1816 779 1882 fortasse
801 1817 942 1900 Aetolo,
971 1815 1133 1881 Achillem
1159 1798 1285 1883 vicisse
1309 1817 1465 1898 traditur,
1496 1838 1518 1883 a
1537 1817 1590 1883 'rt-

478 1945 585 2000 tormo
607 1954 674 1999 non
705 1932 812 1998 luisse
841 1933 1009 1999 diversum
1039 1933 1151 1998 licebit
1179 1935 1346 2002 arbitrari.
1398 1936 1464 2010 Qui
1491 1958 1590 2021 quum

477 2053 567 2116 initio
593 2053 696 2117 heros
725 2053 856 2138 quidam
886 2071 971 2115 aevo
999 2049 1153 2115 sabuloso
1177 2049 1283 2116 luisse
1305 2053 1467 2130 videatur,
1494 2076 1591 2138 quem

478 2173 673 2256 pastoritiae
692 2173 778 2236 vitae
793 2171 937 2235 deditum
953 2171 1093 2235 (iaccbat
1109 2189 1191 2234 sane
1206 2167 1374 2234 hominurn
1389 2173 1592 2238 commercia

478 2289 605 2354 evitare
622 2300 654 2352 et
669 2291 826 2353 montium
840 2286 1036 2353 solitudines
1052 2307 1216 2372 quaerere
1227 2285 1286 2369 (ct
1297 2285 1484 2353 HerodVl.
1501 2291 1590 2373 tat),

478 2407 636 2492 paulatim
658 2406 780 2472 factum
805 2418 857 2472 est
885 2418 920 2470 ut
949 2407 1049 2471 variis
1074 2405 1320 2471 narrationibus
1344 2405 1489 2471 diversis
1512 2418 1591 2472 tem·

478 2525 616 2608 poribus
638 2526 728 2590 vires
751 2524 905 2607 corporis
930 2521 1122 2586 exhibuisse
1144 2521 1300 2587 ferretur.
1342 2521 1428 2585 Nam
1449 2535 1482 2586 at
1496 2523 1592 2588 Milo·

478 2641 530 2704 nis
553 2639 768 2704 Crotoniatae
791 2636 942 2724 aequalis
964 2637 1070 2701 fuisse
1095 2639 1236 2702 traditur
1257 2640 1298 2703 ab
1322 2637 1462 2704 Aeliano
1487 2641 1529 2707 V.
1552 2641 1592 2706 ll.

478 2757 548 2826 ΧΗ.
563 2757 613 2827 22.
629 2770 740 2845 atque,
763 2770 798 2823 ut
819 2758 961 2836 videtur,
983 2759 1025 2822 ab
1043 2757 1237 2824 Alexandro
1248 2758 1371 2824 Aetolo
1392 2758 1452 2844 (cl.
1465 2758 1591 2826 Athen.

478 2878 519 2943 X.
540 2900 572 2961 p.
584 2876 714 2962 MP),
727 2897 824 2961 quem
842 2874 883 2940 ol.
896 2874 998 2944 tht.
1014 2877 1190 2961 Olympiae
1206 2878 1342 2955 vicisse,
1360 2877 1401 2943 ol.
1412 2877 1543 2944 LXVll.
1557 2880 1589 2942 3.

480 2994 656 3081 Sybaritas
680 3014 792 3079 pugna
813 3013 997 3076 superasse
1019 3004 1170 3070 constat,
1201 3004 1234 3056 et
1257 2992 1298 3058 ol.
1314 2994 1383 3060 XL.
1407 2994 1591 3061 Clisthenis

480 3114 629 3201 Sicyonii
658 3114 757 3179 aetati
789 3113 976 3223 attribuitur
996 3113 1038 3176 ab
1060 3109 1234 3176 Herodoto
1261 3111 1285 3180 l.
1303 3111 1323 3178 l.
1367 3114 1468 3198 Apud
1492 3137 1591 3200 quern

481 3253 579 3319 quum
593 3232 752 3298 Phidonis
767 3230 1027 3318 qnoqucArgivi
1046 3228 1132 3293 filius
1149 3228 1333 3294 devertisse
1356 3229 1495 3315 dicatur,
1519 3232 1593 3296 lieri
1655 3279 1659 3296 .

479 3351 634 3417 facillima
661 3353 784 3435 potuit,
813 3362 849 3415 ut
872 3351 1072 3425 Damastes,
1093 3336 1144 3413 'ea
1169 3367 1235 3432 qua
1263 3349 1441 3413 utebantur
1467 3349 1593 3433 simpli·

482 3468 582 3533 citata
603 3479 739 3534 veteres
762 3468 960 3554 lugographi
981 3465 1149 3541 inlabulis
1170 3478 1356 3551 temporum
1375 3469 1505 3533 ratione
1525 3469 1591 3534 dis·

482 3586 657 3671 ponendis,
682 3586 863 3652 Phidonem
883 3585 1066 3650 a'l'cmeno
1088 3587 1263 3670 septimum
1287 3583 1340 3649 vel
1362 3586 1523 3651 decimum
1546 3587 1593 3651 vi·

481 3704 574 3769 xissa
594 3713 701 3783 ratus,
725 3704 936 3769 narrationes
958 3704 1112 3770 diversas
1134 3706 1201 3769 vita
1215 3705 1351 3769 Titormi
1370 3703 1456 3768 ultra
1477 3704 1593 3770 hunta-

481 3843 558 3888 num
584 3822 715 3887 modum
752 3822 914 3907 producta
948 3820 1142 3885 conciliaret
1176 3842 1316 3907 eumque
1346 3841 1366 3885 a
1379 3843 1484 3925 prono
1515 3833 1592 3889 ante

482 3960 596 4007 aeram
615 3951 765 4007 nostram
788 3937 927 4004 saeculo
948 3938 992 4003 ad
1012 3949 1140 4002 sextum
1159 3960 1264 4022 usque
1287 3940 1489 4023 pertinuisse
1513 3961 1591 4006 con·

481 4058 607 4126 iicerct
628 4055 709 4122 Utut
724 4066 786 4135 est,
809 4055 945 4141 scripsit
956 4054 1045 4120 hand
1064 4055 1162 4119 dubia
1175 4054 1300 4121 Plinius
1318 4056 1458 4144 eiusque
1472 4069 1590 4125 auctor

484 4171 655 4240 Valeriust
671 4176 873 4240 Thermum.
911 4229 925 4237 ..

403 4394 464 4460 na
900 4355 1101 4451 174=52‚
1116 4358 1177 4432 aa.

532 4511 592 4601 De
614 4510 732 4587 anima
752 4511 1018 4611 reperimus...
1040 4509 1215 4587 Aristeae
1236 4509 1346 4586 etiam
1365 4510 1481 4590 nsum
1505 4538 1590 4592 evo
