3700 5625
655 570 757 638 aba
775 569 842 638 XI.
866 569 956 639 xit.
1307 563 1369 632 1oe

279 777 282 786 ’
316 767 500 835 uocantur.
559 759 737 836 vallares
764 769 952 860 unguento
967 765 972 774 “
985 757 1048 858 qni
1080 757 1254 857 legantur
1277 753 1370 830 alios

315 904 490 996 appetunt
512 894 660 987 odores,
685 893 876 1014 scarabaei
897 916 1031 1016 rosam.

345 1064 490 1152 Egregie
513 1065 554 1129 de
575 1063 628 1130 bis
642 1065 767 1143 verbis,
789 1085 929 1152 quornm
950 1038 1087 1130 sensnm
1104 1063 1272 1130 Pintianus
1291 1047 1374 1146 ape-¹

271 1185 342 1266 ruit,
369 1185 489 1250 meruit
515 1183 675 1272 Silligius,
704 1185 758 1250 cui
786 1203 886 1271 quum
904 1165 944 1249 ¹in
969 1184 1160 1255 universum
1192 1182 1375 1267 assentiam

273 1323 369 1388 peuce
392 1315 504 1370 tamen
523 1303 655 1372 facilius
677 1305 774 1371 etiam
798 1291 968 1369 emendari
988 1273 1093 1388 posse
1110 1303 1264 1368 arbitror.
1296 1277 1372 1385 Sci-¹

272 1415 449 1510 licetquum
467 1423 541 1489 cod.
553 1423 585 1488 R
606 1421 698 1510 legat
719 1424 932 1512 arrpuenti-
950 1415 1046 1512 supet
1059 1458 1098 1470 -
1113 1404 1216 1485 odor}
1229 1454 1265 1470 ·-
1284 1399 1371 1496 rosa,

274 1543 411 1630 Silligius
424 1543 651 1628 compluribus
665 1533 815 1610 veterum
837 1545 1039 1628 scriptorum
1056 1539 1142 1608 locis
1154 1538 1264 1606 allatis
1285 1540 1371 1624 (qui
1401 1545 1406 1598 ἶ
1426 1590 1430 1597 .
1448 1591 1457 1599 .

274 1663 328 1732 bus
347 1683 366 1728 e
392 1663 535 1728 Pintiani
557 1665 770 1728 annotatione
789 1660 1059 1748 Theophrastum
1084 1659 1211 1726 addere
1240 1667 1373 1744 poterat

273 1779 317 1845 Ile
336 1801 427 1846 caus.
452 1780 552 1865 plant.
575 1780 631 1844 Vl.
645 1779 694 1864 4),
716 1779 933 1844 scribendum
955 1798 1033 1847 esse
1055 1780 1205 1844 censuit:
1324 1867 1327 1874 Ι

310 1935 347 1946 -
366 1907 543 1983 necantur,
564 1897 710 1964 molturas
730 1898 902 1991 unquenti,
925 1899 984 1995 pai
1003 1894 1157 1988 [affantes
1177 1896 1259 1962 alios
1280 1919 1372 1986 appe.

310 2025 383 2080 atat
402 2013 532 2094 odores,
554 2013 725 2080 scarabaei
744 2037 848 2086 rosa.-
919 2099 923 2104 Ι
1185 2103 1190 2114 ι
1353 2098 1359 2106 .

348 2135 459 2210 Quam
490 2135 705 2201 construendi
732 2135 882 2201 duritiem
910 2136 975 2200 etsi
1004 2135 1038 2199 in
1064 2119 1168 2227 Plinio
1198 2123 1382 2232 ferendam

275 2275 343 2321 esse
364 2256 567 2334 concedam,
588 2255 722 2322 facilins
748 2255 856 2322 tamen
879 2267 914 2323 et
935 2257 1009 2323 cod.
1031 2255 1063 2322 R
1085 2257 1274 2351 scripturae
1295 2275 1373 2321 oon·

276 2375 453 2441 venientius
477 2394 650 2440 unn·voce
671 2375 798 2440 inserta
816 2373 909 2460 lego:

312 2529 349 2543 —
371 2503 548 2575 necantur,
572 2493 720 2559 uulneres
740 2495 926 2585 ttnprtcati,
955 2515 1071 2592 quum
1092 2496 1152 2592 qai
1166 2491 1274 2586 Μαί
1294 2485 1384 2556 alios'

313 2622 467 2699 appetunt
490 2614 579 2698 (sive
599 2617 728 2700 —ant)
750 2611 902 2693 adorem,
922 2612 1094 2678 scarabaei
1113 2636 1209 2679 rosa.
1407 2698 1411 2707 Ι

278 2730 322 2795 De
345 2753 410 2797 uno
433 2731 519 2796 enim
543 2731 647 2796 odore
666 2733 867 2801 cadaverum
889 2753 1078 2798 sermonem
1102 2753 1180 2799 esse
1200 2733 1312 2818 liquet.
1334 2771 1376 2783 -

278 2851 378 2935 Supra
406 2862 495 2936 post·
513 2849 710 2916 commeabat
738 2852 1011 2938 interpunctionis
1041 2852 1171 2941 signum
1199 2852 1377 2919 delendum

278 2990 357 3052 esse,
379 2974 636 3038 verbotnntum
657 2981 768 3059 tango.
868 2956 888 3015 ·’
1298 2950 1302 2960 ’

656 3220 958 3318 'mrum'
1042 3224 1046 3229 ’

708 3416 758 3494 29
773 3452 808 3487 π
823 3417 861 3512 7,
876 3417 944 3493 Ῑ4.’
963 3482 968 3490 .
1128 3473 1132 3483 ·
1389 3439 1460 3505 :214

324 3568 416 3668 Quis
444 3568 506 3642 illc
527 3568 668 3668 primus
697 3568 862 3670 experiri
888 3570 1039 3671 (piper)
1066 3567 1156 3645 cibis
1178 3567 1295 3646 voluit
1318 3578 1395 3642 aut'

324 3704 382 3779 cni
404 3705 443 3778 in
467 3706 688 3806 appetenda
713 3704 886 3782 aviditate
908 3705 1053 3781 esurire
1074 3729 1147 3780 non
1170 3704 1240 3780 tuit
1261 3704 1380 3780 satis?

354 3854 533 3923 Vocabnla
563 3856 746 3943 oppetenda
768 3852 934 3923 aviditate
954 3854 1035 3923 ierri
1061 3866 1096 3921 ct
1122 3854 1284 3940 explicari
1314 3876 1380 3919 non

280 3993 372 4057 posse
392 3974 475 4040 vidit
495 3972 656 4059 Silligiusz
679 3974 847 4041 aviditatis
868 3973 1030 4057 animost
1050 3984 1213 4073 appetere
1233 3994 1300 4038 non
1322 3992 1381 4057 ap·
1477 4012 1483 4021 ,

281 4094 348 4174 peti.
379 4094 471 4159 Idem
496 4094 586 4181 quod
606 4094 639 4161 iu
661 4094 734 4164 cod.
755 4117 772 4161 r
793 4094 933 4165 inveniri
944 4094 1181 4179 Dalecampius
1202 4095 1304 4161 tradit
1325 4114 1382 4157 ex·

278 4208 408 4295 pianda,
447 4232 467 4277 c
499 4211 616 4297 glossa
648 4224 755 4278 ortum
787 4233 865 4279 esse
896 4212 1058 4278 intellexit
1089 4225 1122 4280 et
1154 4214 1383 4279 coniecturam

281 4326 436 4417 Wagneri
467 4335 522 4397 cui
548 4334 585 4397 ia
613 4332 792 4421 appetendo
829 4335 983 4399 auiditati
1015 4346 1051 4400 ut
1083 4335 1383 4419 ingeniosissimum

281 4450 528 4519 commendavit.
556 4450 794 4521 Verumtamen
815 4454 866 4521 sic
885 4462 919 4519 et
941 4454 1007 4521 duo
1028 4456 1197 4521 vocabula
1218 4465 1386 4521 mutantur

282 4581 312 4637 et
329 4570 423 4637 nimis
443 4576 626 4645 artificiosa
645 4576 785 4649 subiecti
807 4576 943 4643 mutatio
963 4575 1193 4643 introducitur.
1223 4571 1387 4662 Displicet
