3700 5625
662 574 764 643 ton
786 577 916 647 VJVI.
1304 576 1348 643 85

249 763 340 831 Asiae
359 771 611 848 commemoret,
630 764 685 849 qui
705 785 812 851 usque
827 764 878 829 ‘ad
891 762 988 829 Ponti
998 760 1118 832 Earini
1137 762 1257 831 lauces
1279 784 1346 831 me·

249 894 365 947 moratu
385 882 479 969 digni
499 902 578 950 esse
598 856 783 949 videantur.
828 882 939 948 Probe
960 891 1070 949 autem
1091 884 1269 951 tenendum
1293 892 1348 951 eat

249 1002 313 1067 litus
332 1001 522 1067 Asiaticum
553 1002 596 1070 nb
623 1022 666 1068 eo
688 1001 773 1088 legi,
804 1001 960 1085 Europae
982 1018 1076 1069 orum
1097 1012 1199 1069 antea
1219 1003 1278 1069 tv.
1292 1002 1346 1070 to.

250 1130 276 1183 ct
292 1118 337 1181 ih
364 1130 560 1186 enarratam
587 1140 677 1190 esse.
736 1119 845 1185 Recte
874 1120 984 1187 omnia
1012 1121 1218 1204 procedunto
1243 1123 1347 1189 nomi·

249 1250 353 1303 uantur
374 1236 588 1323 Chalcedon,
610 1238 843 1324 Chrysopolis,
861 1234 1050 1324 Nicopolis,
1069 1251 1188 1325 portus
1209 1242 1345 1329 Amyci,

249 1356 441 1422 Naulochum
470 1369 506 1425 et
529 1358 677 1426 ultimum
699 1357 857 1445 templum
880 1357 1041 1443 Neptuni,
1069 1380 1167 1446 quem
1196 1360 1345 1448 plerique

248 1476 342 1541 lovem
370 1475 493 1541 Urium
526 1476 657 1557 dixere,
692 1475 900 1543 Timoatbcui
926 1488 1036 1545 autem
1077 1480 1177 1563 (nam
1204 1481 1234 1545 ei
1262 1500 1346 1565 prae

250 1595 353 1659 ceteris
375 1595 566 1659 obsecutus
588 1604 641 1660 est
662 1595 809 1682 Plinius)
836 1595 1028 1679 Neptunum
1039 1596 1223 1683 ‚appellare
1245 1597 1346 1685 licuit,

251 1712 387 1797 quoniam
401 1723 550 1799 utraque
566 1712 619 1778 dei
639 1716 786 1799 species,
808 1723 842 1777 et
857 1733 899 1778 ea
914 1734 1013 1800 quam
1030 1726 1141 1781 mente
1160 1736 1202 1779 ac
1215 1717 1345 1781 ratione

250 1843 461 1916 conceperant
471 1844 608 1898 veteres
621 1844 654 1897 et
666 1853 764 1917 quam
778 1831 859 1898 ortis
871 1834 1092 1899 monumentis
1103 1836 1345 1919 exprimebant,

250 1950 375 2035 Neptuni
402 1949 573 2026 simillima
598 1949 704 2017 fuisse
724 1951 876 2037 putanda
903 1962 966 2019 est.
1020 1952 1085 2047 Qui
1107 1973 1188 2022 vero
1215 1956 1346 2022 medius

249 2069 317 2134 iuter
328 2068 544 2135 Naulochum
565 2080 599 2134 et
615 2068 771 2155 templum
783 2069 928 2156 Neptuni
952 2086 1231 2137 commemoratur
1248 2071 1345 2141 locus

250 2207 282 2251 au
299 2188 360 2255 buc
381 2190 521 2255 omnino
544 2190 724 2274 pertineat,
752 2190 915 2253 incertum
942 2201 1006 2257 est.
1051 2190 1156 2256 Deam
1178 2214 1244 2259 non
1265 2192 1346 2259 iudi-

251 2308 306 2372 cari
325 2330 368 2375 ex
386 2310 469 2395 ipsa
487 2318 659 2373 structura
680 2306 859 2372 verborum
883 2320 1040 2394 appeten
1063 2309 1172 2375 locum
1195 2311 1223 2376 si
1245 2332 1346 2398 quae·

250 2427 343 2509 timus,
362 2428 636 2514 interpunctione
654 2424 769 2512 utique
791 2425 959 2511 a·tctnplo
983 2428 1268 2515 distinguendum,
1296 2433 1347 2497 iu-

252 2545 401 2612 venicmus
416 2547 554 2633 quidem
571 2547 662 2631 apud
677 2541 850 2631 Polybium
865 2546 922 2611 lV.
933 2544 986 2616 33.
1006 2544 1046 2613 ed
1062 2545 1130 2633 περὶ
1151 2544 1347 2626 νὰςἚοτῖᾱς

252 2653 322 2747 ἄκρα
346 2665 541 2750 καλούμενα
567 2664 621 2746 τῆς
646 2665 811 2752 Εὐρώπης,
830 2664 911 2753 ,κά
941 2666 1030 2729 etin
1057 2664 1167 2729 aliena
1194 2667 1346 2751 regione,

253 2777 407 2850 lbraciam
430 2785 529 2863 dico,
550 2796 598 2866 et,
620 2785 710 2872 quod
732 2785 837 2852 maius
860 2782 924 2864 est',
947 2784 1077 2850 etiamsi
1099 2787 1269 2853 concedas
1292 2787 1346 2853 le-

253 2899 407 2968 rtiuautiae
442 2907 624 2991 scriptoris
656 2925 807 2970 errorem
840 2903 1076 2988 gravissimum
1108 2917 1144 2971 ut
1175 2907 1345 2993 Europam

254 3038 311 3085 cum
319 3023 400 3088 Asia
420 3035 638 3109 permutasse
659 3023 826 3101 videatur,
848 3042 892 3087 ne
910 3022 945 3087 in
968 3021 1043 3108 ipsa
1064 3026 1195 3112 quidem
1208 3025 1346 3112 Europa

253 3136 313 3205 loco
331 3143 500 3209 Naulochi
527 3144 669 3210 viciniae
693 3153 785 3226 apto.
836 3138 997 3227 Polybius
1020 3143 1105 3207 enim
1133 3146 1188 3230 qui
1209 3146 1345 3211 inverso

255 3261 348 3327 ordine
362 3283 382 3327 a
396 3264 508 3329 Ponto
531 3261 678 3348 Bospori
699 3281 833 3326 cursum
854 3261 1048 3327 describere
1064 3263 1187 3348 coepit,
1208 3261 1346 3328 Hestias

254 3377 323 3444 iufra
343 3382 549 3448 Hermaeum
583 3391 618 3446 et
647 3402 691 3447 ex
722 3380 868 3446 adverso
900 3378 973 3445 fere
1006 3382 1099 3448 urbis
1127 3379 1345 3468 Chrysopolis

256 3498 418 3569 coNocavit.
471 3500 549 3565 Non
573 3500 647 3564 dico
672 3498 744 3564 fieri
766 3519 832 3563 uon
853 3498 1006 3582 potuisse
1032 3512 1069 3566 ut
1092 3501 1219 3567 Plinius
1248 3500 1346 3566 talem

256 3637 382 3687 errorem
402 3619 642 3687 committeret:
662 3618 724 3682 sed
743 3638 841 3703 quum
861 3615 953 3682 facili
977 3620 1172 3686 coniectura
1186 3622 1346 3688 molestas

257 3733 312 3802 illas
331 3740 467 3807 Hestias
491 3739 629 3825 abigere
649 3739 764 3822 liceat,
788 3758 994 3823 magnopere
1016 3758 1067 3802 me
1091 3738 1133 3802 ad
1157 3759 1230 3803 eam
1252 3739 1347 3803 incli-

257 3874 320 3923 nare
339 3858 462 3926 lateor.
506 3855 628 3932 Quidni
645 3857 732 3925 enim
755 3859 941 3924 scribetur:

288 3973 356 4042 dein
369 3973 586 4046 Naulochum
598 3977 855 4065 promontorium
876 3987 936 4042 ert
954 3998 999 4040 nc
1021 3973 1172 4063 ternplum
1187 3972 1347 4059 Neptuni.

674 4143 823 4232 ΗΜ
843 4143 907 4232 ill.
982 4185 993 4204 ·

704 4298 880 4394 2=u,1.

299 4446 340 4520 ”d
373 4449 568 4550 B⁰⁸P⁰¹⁰⁸
606 4449 700 4543 duos
739 4451 799 4528 vel
843 4451 974 4525 bubus'
1002 4450 1147 4528 meabili
1180 4449 1347 4544 transitu,

207 4648 208 4651 ,
301 4579 439 4683 [unde
466 4610 625 4663 nomen
652 4584 893 4691 ambobus]
925 4593 989 4660 rel.

1367 4318 1428 4384 llt
