3700 5625
700 755 788 818 liber
808 756 966 820 XXVIII.
1321 755 1381 822 Μ

609 1045 613 1051 1
722 1005 766 1076 ot
786 1027 826 1056 =
842 1007 937 1091 ort.

328 1131 529 1226 (Prodest)
573 1105 824 1208 extremitates
861 1136 1027 1234 eorporis
1064 1135 1264 1212 velleribus
1296 1155 1380 1234 per7
1402 1045 1462 1113 601

322 1265 453 1366 stringi
499 1273 627 1342 eontra
654 1265 828 1344 horrores
877 1261 1071 1368 [eorporis]
1113 1267 1379 1364 sanguinemve

321 1399 486 1489 narium,
505 1398 759 1488 immodicum,
799 1398 875 1476 lino
913 1398 976 1476 vel
1015 1423 1156 1498 papyro
1201 1398 1381 1498 principia

322 1530 556 1628 genitalium,
596 1533 715 1611 femur
737 1531 899 1608 medium
932 1532 981 1608 ad
1019 1517 1229 1629 cohibenda
1250 1533 1385 1628 ,urinae

322 1661 515 1762 profluvia.

355 1796 505 1861 Mancam
527 1797 798 1872 orationememe
821 1804 853 1860 et
874 1796 1092 1882 imperfectam
1115 1803 1269 1883 apparet,
1303 1817 1377 1861 nam

273 1914 363 1977 cuius
386 1914 462 1977 mali
492 1913 667 1977 remedium
698 1914 762 1978 lino
790 1914 984 2000 genitalibus
1012 1907 1141 1999 alligato
1163 1915 1379 1982 contineretur

273 2051 406 2114 prorsus
427 2031 589 2118 legentem
622 2031 745 2096 latebat
775 2031 836 2095 nisi
858 2051 877 2093 a
900 2027 1060 2096 veteribus
1089 2031 1219 2096 medicis
1249 2033 1302 2116 qui
1338 2032 1378 2095 ab

271 2148 441 2213 Hardnino
464 2150 636 2214 laudantur
666 2148 873 2213 edoceremur
895 2155 1006 2212 contra
1038 2151 1225 2234 sanguinem
1247 2149 1377 2216 naribus

273 2268 484 2350 profluentem
506 2270 623 2331 velere.
647 2265 697 2330 Of.
714 2266 856 2331 Marcell.
877 2265 997 2352 nmpir.
1010 2266 1050 2333 X.
1073 2289 1103 2352 p.
1116 2268 1157 2336 bo
1178 2269 1267 2334 alios.
1289 2269 1378 2334 ldem
1475 2337 1478 2344 Δ

194 2456 195 2462 ¹
271 2384 369 2469 igitur
391 2405 468 2455 usus
490 2384 549 2450 fuir
582 2385 698 2448 liniae
730 2383 882 2448 vellerum
903 2385 1061 2469 lanaeque
1088 2385 1162 2450 licet
1193 2387 1255 2450 alio
1283 2386 1378 2456 modu

272 2503 504 2587 impositorum,
526 2521 601 2566 nam
625 2502 706 2567 haec
722 2521 847 2586 quoque
860 2501 1047 2586 sanguinem
1063 2502 1094 2565 in
1116 2503 1246 2568 naribus
1268 2511 1300 2568 et
1321 2524 1377 2567 au·
1451 2501 1457 2514 '

271 2620 359 2684 ribus
380 2620 505 2702 sistunt,
527 2620 566 2686 ol.
590 2618 710 2683 xxix.
733 2620 784 2700 31,
806 2620 855 2685 32.
878 2618 1014 2684 Accedit
1025 2621 1215 2704 optimorum
1226 2621 1378 2684 librorum

271 2737 456 2802 auctoritas.
479 2739 623 2801 Alterum
644 2736 834 2801 vocabulum
856 2744 995 2817 corporis
1017 2757 1079 2800 non
1103 2737 1219 2824 legitur
1236 2719 1311 2806 inV
1321 2737 1377 2824 ΕΙ,

267 2858 300 2919 in
321 2856 437 2920 iisdem
472 2876 537 2921 non
557 2862 769 2935 sunouiuemue
800 2854 952 2939 scriptum
982 2864 1088 2919 exstat
1116 2857 1174 2922 sed
1201 2864 1375 2936 sanquinem
1498 2884 1502 2890 ·

268 2982 332 3049 uel;
366 2974 504 3058 denique
530 2978 687 3039 velleribus
717 2980 803 3038 recte
831 2972 959 3057 quidem
989 2974 1097 3039 aSill.
1126 2981 1287 3060 receptum
1316 2983 1375 3058 est,

268 3091 327 3156 sed
362 3091 494 3175 vulgata
528 3091 622 3154 lectio
657 3096 703 3153 vel
733 3096 850 3153 aurium
893 3090 1013 3155 codicis
1048 3091 1095 3157 lt²
1142 3092 1298 3179 scriptura
1332 3100 1378 3157 uel

269 3215 397 3275 auribus
418 3208 677 3289 commendatur,
707 3228 790 3292 quae
812 3227 910 3291 quum
933 3215 980 3273 uel
1000 3215 1116 3273 cirrium
1139 3230 1211 3275 esse
1233 3209 1375 3293 deberet,
1480 3294 1482 3299 Ι

268 3327 456 3413 emargine
484 3325 649 3410 archetypi
675 3323 746 3392 loco
775 3331 982 3411 praepostero
1013 3327 1134 3391 inserta
1163 3334 1219 3393 est.
1263 3330 1375 3412 Itaque

268 3447 391 3513 omissa
412 3445 513 3510 altera
540 3463 619 3508 voce
643 3417 844 3522 corporisne
865 3445 936 3507 usui
966 3444 1095 3528 quidem
1117 3445 1278 3529 scriptoris
1301 3464 1374 3508 con·

268 3571 427 3629 sentanea
441 3570 532 3639 (nam
543 3582 622 3626 voce
641 3559 808 3641 ,horrores‘
817 3560 849 3623 in
861 3580 896 3622 re
909 3560 1035 3624 medica
1047 3561 1115 3625 sola
1126 3563 1241 3643 utitur)
1261 3562 1375 3631 lacuna

268 3682 314 3745 ita
336 3680 484 3765 expletur
506 3678 672 3743 facillime:
937 3680 939 3685 '

311 3809 423 3863 contra
444 3801 595 3874 horrores,
619 3805 726 3859 contra
747 3800 924 3873 runuuiuem
952 3802 1010 3859 oet
1029 3802 1173 3861 curtum
1193 3805 1376 3863 cetrarium

309 3922 500 3982 immodicum
521 3921 579 3978 tirio
603 3921 650 3978 uel
665 3933 787 3995 papyro
803 3934 854 3994 pr.
875 3933 944 3992 ocu.
966 3913 1023 3979 rel.

721 4072 926 4157 74:731.
1396 4088 1458 4157 502

319 4202 555 4306 peculiariter
580 4202 680 4278 valet
721 4202 799 4296 (lac
825 4201 1035 4296 mulierum)
1080 4209 1205 4301 potum
1248 4208 1376 4278 eontra

245 4402 249 4411 .
321 4361 470 4415 venene
495 4359 592 4478 unce
617 4338 702 4412 data
727 4336 800 4412 sint
826 4336 1004 4413 emerino
1027 4333 1172 4435 lepore,
1199 4336 1375 4434 bupresti,

320 4480 365 4549 ut
387 4469 615 4548 Aristoteles
633 4468 754 4580 tradit,
782 4468 999 4567 dorycnion.

268 4617 342 4673 curat
361 4604 409 4670 R²
440 4609 572 4684 bupresti
592 4602 637 4667 R²
661 4606 815 4687 bunruesti
842 4601 904 4682 V²‚
929 4606 1157 4682 prerttmututim
1180 4600 1220 4665 ib
1247 4608 1377 4680 praesti·

268 4729 403 4787 mututim
425 4720 484 4803 Vl,
513 4726 644 4801 bupresti
673 4726 806 4782 mutarim
827 4718 864 4797 d;
899 4718 986 4782 unde
1006 4720 1103 4782 Ianus
1124 4724 1316 4797 praesertim,
1346 4732 1378 4784 ut

1121 4837 1160 4902 11
1175 4839 1190 4875 ⁴¹
