3700 5625
712 562 814 630 Liber
835 562 899 628 Vl.
1318 565 1362 632 91

250 755 298 825 bl.
321 754 376 842 qui
399 763 481 839 post
500 771 622 818 annum
640 748 693 817 lili.
714 769 735 814 a
756 749 895 816 Nerone
915 745 1115 814 interiectas
1134 758 1205 828 eat,
1237 747 1362 820 olss'llio

250 874 340 941 Cass.
366 871 461 958 apud
488 869 609 958 Xiphil.
628 869 730 934 LXll.
749 867 807 946 ab,
841 865 905 934 sed
941 867 984 934 de
1013 865 1158 952 Augusti
1194 869 1362 953 supremis

248 993 327 1058 idem
358 988 564 1057 vocabulum
590 997 732 1073 usurpat
758 985 830 1052 Vll.
855 983 909 1052 33.
961 985 1090 1052 Verum
1115 984 1254 1052 alteram
1285 985 1362 1054 b.l.

249 1113 357 1176 inesse
388 1129 479 1198 quae
511 1108 684 1174 subiioitur
715 1105 864 1171 narratio
898 1104 1059 1175 ostendit.
1100 1105 1255 1192 Namque
1284 1115 1363 1190 post

248 1232 346 1296 rerba
377 1273 406 1308 „
415 1229 476 1296 Sic
496 1224 681 1292 Alexandri
709 1221 831 1292 eleusis
857 1224 1059 1310 navigavit“
1083 1245 1151 1292 non
1171 1224 1283 1290 statim
1303 1245 1363 1290 se·

248 1350 352 1436 quitur
376 1369 422 1414 ea
444 1346 625 1431 navigatio,
648 1364 748 1432 quam
771 1342 855 1424 „his
877 1335 974 1410 annis
999 1347 1236 1430 compertam“
1257 1345 1362 1410 nomi·

247 1478 384 1532 neverat
397 1464 526 1530 Plinius
543 1471 577 1530 et
595 1450 696 1551 quam
710 1483 731 1529 e
746 1462 875 1548 periplo
891 1465 994 1530 maris
1007 1461 1186 1550 Erythraei
1205 1463 1363 1532 haustam

249 1607 321 1652 esse
339 1584 535 1651 luculenter
546 1583 839 1652 Sobwuubeokins
850 1582 1277 1651 Noublasllbeuamvol.
1288 1584 1361 1652 vll.

247 1729 274 1790 p.
287 1704 351 1772 364
370 1726 452 1792 sqq.
478 1704 637 1784 ostendit,
661 1705 752 1771 eirea
773 1724 894 1770 anuum
917 1726 951 1788 p.
972 1701 1054 1774 cnr.
1077 1725 1109 1770 n.
1129 1702 1183 1768 75.
1213 1702 1362 1800 fortasse

248 1823 384 1908 scripto,
410 1833 446 1887 nt
467 1822 636 1910 Georgius
650 1823 852 1909 Bunseuins,
872 1823 1096 1890 suavissimus
1116 1822 1194 1889 olim
1217 1824 1361 1911 diseipu·

248 1938 294 2006 lus
323 1961 441 2018 meus,
457 1925 503 2005 br
533 1942 633 2008 doeta
660 1961 759 2030 quam
788 1941 832 2008 do
853 1941 987 2008 Azania
1006 1940 1146 2011 Bonnae
1173 1962 1261 2010 anno
1283 1965 1361 2029 pro·

249 2061 332 2126 ximo
360 2059 467 2125 edidit
494 2063 773 2130 commentatione
797 2084 829 2148 p.
841 2061 875 2131 7.
903 2082 972 2127 non
1001 2060 1262 2146 improbabiliter
1281 2082 1361 2128 eon·

248 2180 331 2245 iacit.
377 2179 476 2254 Quae
504 2180 604 2266 igitur
635 2183 722 2256 iuter
751 2192 927 2267 atrumque
958 2199 1094 2246 comum
1120 2179 1230 2245 madia
1257 2179 1361 2248 inter·

249 2299 416 2364 iioiuntur:

294 2473 438 2548 Postea
471 2471 516 2544 ub
551 2471 697 2572 Syagro
731 2468 892 2546 Arabiae
925 2468 1180 2570 promontorio
1205 2471 1360 2550 Patalen

294 2606 442 2686 favonio
477 2631 587 2706 quem
611 2606 817 2708 Hippalum
850 2606 902 2683 ibi
926 2617 1061 2684 vocant
1093 2603 1172 2710 peti
1198 2610 1362 2688 certissi-

296 2771 396 2823 mum
420 2743 615 2823 uidebatur
640 2730 773 2823 filii.
799 2742 948 2823 XXXV
965 2743 1007 2821 Μ
1023 2769 1060 2845 p.
1094 2744 1369 2827 redundans

298 2885 439 2962 Secuta
465 2891 566 2957 aetas
593 2881 806 2982 propiorem
823 2904 974 2957 cursum
993 2879 1243 2985 tutioremque
1268 2885 1362 2964 iudi·

298 3021 407 3117 ravit,
435 3018 468 3095 si
494 3020 538 3095 ab
565 3017 697 3093 eodem
725 3015 979 3117 promontorio
1006 3016 1180 3119 Sigerum
1214 3033 1362 3122 portum

299 3158 428 3234 Indiae
455 3166 614 3258 poteret.
665 3155 819 3256 Diuque
845 3154 896 3229 ita
923 3152 1131 3255 navigatum
1160 3167 1218 3232 est
1243 3158 1363 3235 donec

300 3292 518 3395 compendia
551 3290 690 3369 invenit
731 3301 916 3368 mercator
948 3291 1128 3393 lucroque
1160 3293 1268 3370 India
1300 3296 1362 3372 ad-

300 3442 398 3508 mota
425 3442 495 3506 est.

257 3619 360 3685 aluba
375 3617 504 3683 Plinius
522 3612 890 3701 aceepisaeputaudns
906 3623 969 3693 est,
994 3615 1048 3700 qni
1071 3626 1105 3681 et
1127 3638 1202 3684 enm
1217 3642 1364 3704 cursum,

258 3759 315 3823 quo
338 3760 359 3803 a
380 3738 517 3823 Syagro
544 3732 773 3819 promontorio
795 3730 937 3797 Patalen
960 3735 1121 3819 petebant
1149 3750 1183 3802 et
1211 3757 1277 3825 quo
1299 3765 1365 3828 po-

259 3868 324 3925 stea
343 3857 387 3921 ad
410 3866 542 3941 portum
565 3853 720 3937 Sigerum
747 3851 942 3937 ceteroquin
975 3852 1138 3938 ignotum,
1165 3853 1265 3922 bodie
1292 3856 1364 3925 ior-

259 3985 342 4042 tasse
364 3970 616 4059 Siddeyglrur
637 3970 842 4056 appellatum
865 3968 924 4055 (os.
934 3969 1284 4057 Lasseu.Antiq.lnd.
1297 3976 1363 4041 vol.

259 4092 419 4181 npetu),
429 4092 634 4177 navigabant
643 4100 863 4167 mercatores,
876 4089 1008 4155 videtur
1018 4090 1254 4175 descripsisse.
1267 4094 1364 4169 Quae

259 4225 358 4279 antem
388 4212 503 4278 ultimo
532 4230 636 4276 seusu
663 4210 830 4275 adduntur
849 4209 974 4293 ‘procul
1000 4210 1100 4275 dubio
1123 4212 1167 4274 ad
1188 4210 1366 4299 llippnlum

258 4334 425 4418 pertinent,
446 4330 501 4419 qui
520 4332 553 4395 in
569 4328 698 4414 periplo
715 4326 812 4411 pal.
823 4326 1033 4415 κυβερνήτης,
1054 4327 1110 4394 hie
1122 4342 1290 4399 mereator
1303 4353 1366 4419 ap-

258 4452 405 4536 pellatur.
449 4448 534 4515 ilino
554 4449 745 4542 sententiae
766 4448 941 4513 Vincentio
966 4467 987 4511 a
1010 4446 1084 4515 VV.
1097 4448 1172 4515 DD.
1194 4450 1295 4538 vulgo
1317 4472 1367 4517 re.

259 4585 384 4657 ceptae,
398 4590 466 4657 qna
483 4568 623 4637 Claudio
646 4576 809 4655 regnante
830 4566 959 4633 vixisse
981 4566 1185 4651 perhibetur,
1207 4568 1367 4634 disertum

1138 4688 1158 4748 7
