3700 5625
479 725 542 797 172
919 730 1007 795 utto
1022 730 1146 795 XXIX.

478 929 547 1006 est,
580 929 617 989 ut
643 923 785 1011 leporem
808 923 939 989 surdum
968 924 1103 989 celerius
1133 922 1344 1009 pinguescere
1376 923 1571 1009 reperiemus‘

478 1040 698 1126 coniungeret.
742 1042 786 1106 At
806 1042 1003 1107 alienissime
1030 1062 1114 1107 nove
1140 1058 1223 1127 quae
1245 1041 1309 1105 iem
1336 1041 1449 1127 incipit
1477 1060 1572 1105 rerum

478 1158 578 1223 series
599 1157 641 1223 eb
662 1157 840 1223 altoreille
861 1165 912 1224 est
925 1180 1007 1246 quae
1019 1157 1114 1223 modo
1136 1156 1320 1239 absolvitur,
1343 1176 1449 1244 neque
1471 1156 1572 1223 endem

478 1281 637 1341 sbueturn
668 1275 871 1341 includenda.
912 1275 1144 1342 Restituendus
1171 1252 1234 1341 cst¹
1249 1275 1464 1340 nominativus
1494 1281 1573 1339 meoi-

446 1453 453 1467 s
479 1398 587 1458 cinae
608 1392 698 1456 euius
719 1392 939 1479 praedicatum
962 1414 980 1457 e
1001 1394 1103 1480 primo
1125 1393 1230 1483 capite
1253 1393 1448 1479 cogitatione
1468 1393 1573 1481 repeti·

478 1517 530 1575 tur
551 1530 595 1577 so.
617 1509 817 1595 ‚traduntuu‘

902 1768 1024 1845 titus
1055 1768 1164 1845 XiiX.

562 1950 614 2017 nd
635 1948 720 2017 huuc
743 1970 870 2037 quoque
892 1950 1008 2015 librum
1036 1948 1272 2015 emendandum
1296 1948 1447 2034 quonism
1471 1948 1576 2014 code

478 2069 612 2134 collatus
633 2088 698 2133 uon
719 2073 778 2151 est,
800 2068 972 2155 praecipue
986 2068 1033 2131 R²
1059 2065 1257 2155 sequendum
1274 2086 1346 2131 esse
1368 2066 1515 2151 arbitror,
1536 2067 1577 2131 its

478 2195 587 2252 tomen
608 2186 697 2251 utin
718 2207 837 2273 megna
852 2184 1021 2251 verborum
1042 2185 1243 2271 corruptione
1265 2206 1328 2250 non
1349 2185 1445 2250 modo
1470 2185 1577 2251 ceteris

482 2301 562 2373 6R¹
577 2312 659 2387 utor,
682 2303 794 2369 sedne
808 2303 946 2370 scodd
968 2303 1096 2392 quidem
1110 2302 1299 2386 abstineam,
1320 2304 1375 2391 qui
1397 2304 1476 2388 §.22
1499 2303 1578 2369 solus

476 2429 565 2487 recte
586 2427 694 2486 Notum
717 2420 847 2486 exhibet
868 2428 965 2508 etque
983 2440 1223 2507 nonnumquum
1241 2441 1313 2487 oum
1339 2420 1409 2487 cod.
1429 2421 1476 2485 R²
1498 2420 1578 2486 solus

477 2540 651 2626 conspirat.
672 2538 851 2605 Nonnullos
871 2539 959 2605 locos
982 2538 1070 2605 libris
1089 2538 1206 2604 nostris
1223 2538 1460 2605 emendatiores
1474 2540 1577 2605 Herm.

476 2658 640 2725 Barbarus
660 2658 694 2722 iu
716 2658 781 2720 suis
810 2655 973 2722 codicibus
994 2656 1074 2743 legit
1101 2657 1198 2723 veluti
1222 2658 1248 2743 ξ.
1272 2658 1329 2742 52,
1361 2656 1454 2722 uobis
1477 2662 1579 2721 eutem

478 2796 534 2842 eos
556 2796 636 2863 quos
652 2773 764 2862 Siiligii
785 2774 919 2862 leuique
942 2766 1108 2862 diligentie
1128 2776 1307 2841 accuratius
1325 2776 1473 2842 novimus
1494 2773 1579 2862 sequi

441 2963 445 2970 ,
477 2916 572 2981 quem
593 2893 723 2959 incertis
745 2893 888 2980 vestigiis
909 2891 1057 2957 insistere
1078 2893 1266 2979 praestabit.
1288 2893 1396 2981 Atque
1412 2893 1454 2960 sd
1476 2899 1578 2958 cetero
1654 2941 1655 2944 η

475 3013 553 3078 vitie
579 3012 631 3077 bio
653 3017 780 3098 praeter
812 3030 918 3075 rerum
950 3009 1178 3078 obscuritatem
1204 3013 1327 3077 leouuis
1359 3011 1449 3078 houd
1471 3011 1577 3098 paucis

475 3128 686 3216 foliorumque
718 3127 957 3223 perturbatione
986 3127 1214 3194 secedentibus
1240 3150 1305 3194 uon
1332 3150 1437 3216 peuce
1463 3130 1577 3194 intecto

475 3255 531 3313 eut
569 3247 757 3334 imperfecte
800 3244 1012 3332 relinquenda
1042 3253 1146 3312 erunt.
1185 3284 1223 3294 -
1278 3247 1326 3332 ἐᾷ.
1354 3247 1374 3314 2
1409 3246 1452 3312 ed
1475 3247 1513 3315 21
1546 3247 1576 3310 in

475 3365 725 3431 chrestometbie
747 3364 963 3431 tractavimus.
1074 3449 1077 3455 Ι

392 3523 453 3592 535
933 3486 1122 3572 24:1,8.
1424 3485 1426 3488 Ι

523 3615 700 3727 Theriece
727 3618 882 3693 vocetur
908 3615 1120 3716 excogitate
1155 3616 1374 3716 compositio
1394 3615 1573 3709 luxuriae3

523 3749 563 3825 fit
588 3773 636 3826 ex
662 3748 774 3826 rebus
801 3747 1007 3839 sexcentis
1049 3771 1130 3824 cum
1158 3753 1213 3825 tot
1248 3748 1412 3825 remedie
1439 3745 1574 3826 dederit

1654 5103 1655 5164 t

1654 5231 1655 5277 t

524 3889 664 3974 natura,
691 3903 786 3981 quae
812 3879 959 3980 singule
986 3880 1209 3959 sufficerent.

556 4013 695 4081 Fabricii
732 4013 916 4078 coniectura
938 4033 958 4076 e
983 4014 1014 4078 S.
1035 4012 1059 4076 I.
1095 4020 1226 4098 recepte
1259 4033 1406 4077 caremus
1442 4013 1572 4100 egregie,

474 4155 549 4200 nom
573 4132 613 4197 de
635 4136 769 4196 externis
803 4149 860 4195 seu
888 4130 1066 4217 peregrinis
1096 4129 1255 4196 mercibus
1276 4131 1399 4195 Plinius
1429 4130 1570 4218 loquitur,

446 4236 521 4316 'ite
562 4256 597 4314 ut
630 4254 764 4314 naturae
808 4237 1036 4335 excogitatum
1051 4247 1228 4330 luxuriem,
1264 4247 1397 4335 singulis
1431 4248 1571 4315 remediis

475 4365 738 4453 compositionem
760 4371 911 4450 opponet.
954 4364 1047 4440 Quod
1071 4370 1177 4430 autem
1207 4365 1240 4429 in
1263 4365 1355 4431 eodd.
1375 4364 1492 4452 legitur
1509 4373 1570 4446 sicit

475 4508 494 4552 e
522 4483 659 4572 proximi
684 4480 832 4547 vocabuli
857 4489 1033 4564 compositio
1078 4493 1171 4563 (nem
1198 4489 1339 4548 toxrrricr
1366 4485 1398 4548 in
1420 4485 1571 4571 plerisque

476 4602 647 4678 omittitur)
677 4600 740 4665 fine
773 4606 957 4685 corruptum
979 4609 1037 4668 est.
1082 4601 1206 4668 Scribo:
1236 4607 1410 4682 compositio
1442 4606 1570 4670 luxuum

477 4722 861 4810 exrrtcseaeterntsr
932 4807 935 4820 Ι
