3700 5625
457 748 522 817 240
867 752 959 815 coer
980 749 1153 819 XXXVII.

540 948 675 1013 Proreus
695 964 762 1011 non
782 944 938 1030 intelligo,
959 954 1016 1011 cur
1029 942 1061 1010 S.
1073 944 1097 1011 1.
1119 940 1238 1009 ecdioia
1259 942 1373 1029 optimi
1393 941 1566 1007 lectionem

455 1068 603 1145 praetatis
622 1068 721 1129 mettis
741 1061 955 1129 deterioribus
973 1060 1228 1151 posthabuerint.

376 1170 439 1239 814
544 1182 572 1265 §-
595 1183 631 1247 11
655 1200 786 1247 sensum
807 1177 906 1264 ,qnod
925 1178 1097 1265 peregrino
1116 1178 1280 1266 appellant
1301 1177 1431 1242 nomine
1456 1175 1567 1262 dacty-

458 1298 641 1382 liothecam‘
666 1296 790 1384 antiqui
810 1295 1087 1382 recentissimique
1115 1296 1254 1361 editores
1275 1302 1349 1381 post
1370 1316 1399 1361 v.
1437 1294 1568 1381 ‚plures‘

460 1432 667 1515 collocarunt,
689 1430 790 1497 multo
811 1430 930 1496 rectius
950 1431 996 1497 B:
1035 1414 1206 1493 Gemmas
1254 1413 1381 1515 plures
1425 1413 1568 1512 primus

461 1551 622 1628 omnium
649 1548 790 1629 Romae
815 1548 960 1641 hahuit,
1000 1552 1103 1648 quod
1135 1547 1334 1649 peregrino
1374 1544 1569 1645 appellant

460 1683 608 1761 nomine
643 1680 974 1781 dactyliothecam,
1013 1680 1207 1783 privignus
1239 1676 1367 1757 Sullae
1392 1676 1569 1755 Scaurus,

458 1815 544 1881 Nam
566 1835 631 1882 uon
653 1834 800 1900 gernum
822 1814 945 1899 plures,
981 1812 1040 1879 sed
1062 1832 1208 1899 gemmae
1229 1812 1336 1898 plures
1359 1810 1401 1875 nh
1422 1829 1489 1875 uno
1511 1808 1567 1873 ha·

459 1934 546 1999 bitae
565 1934 586 1999 i.
608 1952 637 1999 e.
660 1951 861 2019 gemmarum
887 1930 1093 1996 collectiones
1122 1928 1378 2015 dactyliothecas
1408 1926 1567 2015 vocaban-

460 2074 526 2132 tur:
554 2050 693 2151 diuque
718 2048 820 2126 nulla
845 2047 917 2125 alia
942 2049 1010 2125 fuit
1036 2047 1158 2126 donec
1182 2046 1385 2150 Pompeius
1397 2045 1567 2147 Magnus,

461 2208 557 2285 quae
583 2182 800 2260 Mithridatis
818 2180 920 2282 regis
934 2182 1063 2273 fuerat,
1090 2225 1136 2237 -
1162 2180 1199 2256 in
1214 2180 1395 2280 Capitolio
1415 2180 1568 2270 dicaret,

460 2325 501 2394 ut
526 2316 644 2395 Varro
688 2313 824 2416 aliique
851 2316 984 2391 aetatis
1020 2313 1100 2391 eius
1133 2320 1305 2391 auctores
1338 2312 1567 2403 confirmant,

461 2448 612 2527 multum
637 2446 840 2548 praelatam
866 2446 1008 2526 Scauri.
1058 2460 1131 2527 Non
1153 2461 1212 2527 hoe
1236 2463 1435 2527 confirmavit
1454 2462 1567 2548 Varro,

460 2582 654 2647 Mithridatis
675 2580 943 2667 dactyliothecam
964 2580 1094 2644 maioris
1116 2600 1212 2666 quam
1232 2580 1345 2646 Scauri
1363 2581 1567 2649 aestimatam

463 2718 546 2782 esse,
567 2719 672 2786 neque
690 2700 775 2763 enim
795 2699 902 2786 regias
917 2718 996 2784 opes
1012 2698 1144 2784 privatis
1157 2698 1356 2785 praestitisse
1377 2700 1495 2764 mirum
1509 2696 1567 2783 eet,

462 2819 520 2884 sed
543 2825 656 2884 contra
670 2813 878 2882 Soauriauam
889 2817 1068 2903 praelatam
1082 2836 1154 2882 esse
1175 2817 1230 2882 illi.
1252 2819 1358 2903 Atque
1380 2817 1443 2884 hoo
1462 2819 1570 2905 ipsum

459 2936 549 3024 'quod
572 2936 756 3001 coniectura
771 2932 896 3000 restitui
918 2934 1068 3016 debehat,
1090 2935 1242 3020 scriptum
1264 2933 1395 3001 exhibet
1417 2935 1465 3005 B:
1498 2943 1572 3003 mut·

463 3066 522 3120 tum
539 3059 698 3136 praelata
720 3054 838 3118 Scauri.

376 2010 439 2076 815

887 3192 1137 3281 12,1a=2,o.

379 3271 442 3342 816
511 3321 637 3400 Verba
663 3345 711 3398 ex
735 3320 855 3423 ipsius
874 3318 1045 3420 Pompeii
1070 3318 1336 3422 triumphorum
1362 3325 1456 3404 actis
1483 3328 1573 3406 sub·

509 3457 628 3534 iciam.
666 3438 820 3555 Uirgo]
852 3454 959 3532 tertio
983 3454 1168 3556 triumpho
1194 3453 1261 3534 rel.

544 3594 641 3674 ,Erae
663 3607 726 3654 om.
748 3586 798 3653 B‘.
839 3588 890 3651 Ita
919 3589 988 3657 Sili.
1010 3589 1090 3672 Ian,
1124 3590 1186 3674 ipsi
1216 3591 1426 3656 retinuerunt.
1470 3590 1572 3666 Quasi
1662 3585 1663 3634 7

463 3727 538 3779 raro
559 3707 743 3780 necessario
765 3706 806 3771 ab
828 3705 889 3773 hoa
902 3708 1145 3777 vocabuloaota
1156 3689 1570 3794 triumphorumexordinm

462 3825 625 3892 fecissent.

911 3949 956 4021 14
973 3948 1115 4036 22,14.

380 3984 442 4053 817
512 4075 601 4153 Erat
626 4083 663 4153 et
687 4075 811 4176 imago
837 4075 902 4154 Cn.
917 4052 1086 4176 'Pompei
1112 4100 1133 4153 e
1160 4077 1383 4176 margaritis,
1422 4079 1487 4157 illa
1514 4105 1571 4158 re·

512 4208 623 4287 ticino
649 4207 792 4287 honore
815 4217 935 4309 grata,
960 4207 1059 4286 illius
1080 4210 1187 4308 probi
1202 4210 1279 4288 oris
1290 4213 1569 4312 venerandique
1661 4217 1662 4262 l

510 4365 578 4441 per
604 4348 756 4419 cunctas
782 4348 936 4440 gentes,
962 4340 1043 4433 illa,
1071 4343 1237 4441 inquam,
1278 4367 1325 4422 ex
1351 4347 1567 4444 margaritis,

513 4475 712 4551 severitate
737 4475 837 4550 victa
862 4480 900 4552 et
925 4476 1056 4556 verius
1075 4474 1219 4552 luxuria
1246 4499 1357 4577 quam
1373 4477 1566 4580 triumpho.

462 4626 466 4654 τ
540 4607 723 4691 rPortqnam
751 4607 816 4672 stu.
839 4609 1003 4694 egregiam
1039 4609 1111 4674 libri
1140 4609 1381 4696 Bsoripturam
1415 4610 1566 4694 ‚relicino‘

469 4733 531 4800 (eo.
558 4723 709 4790 relicinae
734 4723 848 4790 frontis
880 4724 921 4790 cf.
943 4725 1017 4792 VH.
1042 4727 1101 4806 53)
1145 4729 1280 4816 recepit,
1321 4731 1420 4794 Ianus
1459 4729 1566 4794 ultima
