3700 5625
487 719 551 788 208
910 666 1000 786 abab
1020 722 1180 785 XXXIII.
1274 780 1276 790 .

487 916 581 983 eodd.
604 929 632 981 et
653 902 802 984 aurum-t.
827 939 856 984 a.
878 937 905 982 e.
927 916 1139 983 Seribendum
1161 916 1304 983 videtur:
1333 938 1438 983 comm
1460 925 1515 983 tam
1532 942 1580 985 uc·

487 1042 582 1102 cesare
604 1047 648 1100 eat
668 1056 785 1102 aarum.

402 1146 465 1219 726
943 1158 988 1229 31
1003 1158 1126 1243 =2‚t.
1655 1230 1656 1249 ἶ

534 1286 714 1363 Decuriae
741 1308 891 1385 quoque
924 1287 1029 1388 ipsae
1063 1283 1231 1387 pluribus
1266 1284 1449 1363 discretae
1477 1288 1584 1364 nomi·

534 1420 643 1495 nibus
668 1417 787 1510 fuere,
826 1417 1056 1496 tribunomm
1080 1419 1176 1495 aeris
1216 1424 1252 1495 et
1291 1416 1514 1497 selectorum
1537 1430 1582 1496 vet

532 1552 705 1629 iudicum.
756 1549 908 1628 Praeter
936 1550 1008 1629 hos
1042 1551 1238 1627 etiamnum
1265 1552 1447 1651 nongenti
1480 1575 1583 1631 voea-

534 1685 684 1775 bantur,
728 1707 775 1761 ex
801 1683 972 1762 omnibus
1010 1683 1120 1761 electi
1146 1685 1195 1761 ad
1222 1683 1489 1762 custodiendas
1515 1688 1584 1762 sul-

532 1818 734 1917 fragiorum
763 1816 875 1893 cistas
903 1817 951 1908 [iu
980 1813 1162 1902 comitiisl.
1194 1889 1200 1899 ,
1248 1872 1253 1883 ·

566 1950 604 2014 In
625 1951 696 2015 loeo
720 1948 922 2032 difficillimo,
957 1970 1019 2036 quo
1042 1951 1082 2014 de
1105 1950 1271 2036 eleganter
1292 1948 1451 2043 Bergkius
1479 1951 1512 2015 in
1532 1971 1583 2015 ex·

484 2068 588 2135 ereitt.
611 2067 693 2133 Plin.
714 2066 756 2131 IL
777 2089 809 2152 p.
831 2066 877 2131 lV
900 2067 976 2152 egit,
998 2066 1116 2131 diutius
1138 2067 1301 2132 immorari
1326 2065 1400 2132 nolo
1428 2088 1585 2156 unumque
1614 2086 1617 2100 '

484 2186 682 2273 significasse
718 2184 796 2249 satis
832 2183 955 2249 habeo:
999 2192 1233 2271 nongentorum
1262 2185 1388 2250 illorum
1418 2186 1585 2273 quodquod

362 2282 371 2294 ⁴
434 2338 437 2343 ·
483 2324 598 2370 munus
620 2302 720 2367 fuisse
741 2302 897 2386 videatur,
920 2301 961 2366 ad
983 2303 1102 2368 iudieia
1123 2305 1191 2367 sola
1211 2303 1329 2367 referri.
1351 2303 1466 2389 Itaque
1488 2302 1585 2369 anno·

483 2423 605 2488 tatione
627 2420 713 2485 dooti
732 2420 817 2484 illius
839 2422 1040 2506 grammatici
1067 2421 1121 2507 qui
1141 2421 1331 2486 iudiciorum
1364 2421 1514 2485 custodes
1537 2436 1586 2487 eo·

481 2512 707 2625 mitiornmque
728 2539 937 2624 permutavit,
961 2546 1122 2628 expuncta
1143 2560 1183 2604 ex
1204 2538 1351 2603 omnibus
1370 2540 1510 2619 iudiourn
1533 2539 1587 2604 de·

481 2658 578 2725 euriia
600 2663 780 2743 nongentos
810 2629 929 2721 eleetos
957 2678 1029 2723 esse
1051 2658 1213 2740 existimo,
1242 2677 1259 2721 e
1287 2656 1402 2742 quibus
1432 2666 1587 2743 quotquot

482 2776 524 2842 ad
563 2758 691 2862 singula
727 2774 845 2841 iudicia
881 2776 998 2864 requiri
1036 2774 1220 2841 viderentur
1251 2778 1403 2840 cistarum
1436 2776 1586 2842 eustodes

481 2893 626 2961 adhiberi
642 2894 876 2958 consueverint.

563 3014 592 3097 §-
613 3013 655 3078 40
677 3011 762 3097 quod
784 3012 963 3076 sententiae
985 3011 1078 3076 uniee
1102 3019 1213 3096 aptum
1235 3020 1300 3094 est,
1324 3032 1403 3076 euro
1426 3020 1533 3077 exstat
1555 3015 1585 3076 in

480 3131 549 3198 eod.
573 3128 685 3195 Bamb.

397 3261 459 3330 727
528 3251 531 3257 ’
803 3252 995 3339 58:3,19
1036 3249 1105 3344 (de
1132 3253 1258 3342 auro).

530 3378 773 3479 Praecipuam
797 3381 953 3481 gratiam
978 3382 1066 3458 huie
1089 3382 1263 3459 materiae
1289 3380 1405 3459 fuisse
1434 3382 1585 3459 arbitror

531 3535 606 3590 non
632 3512 775 3604 colore,
815 3515 879 3613 qui
905 3512 1038 3591 clarior
1062 3512 1100 3588 in
1125 3520 1281 3614 argento
1309 3520 1367 3592 est
1392 3516 1583 3614 magisque

530 3646 605 3722 diei
643 3644 793 3738 similis,
832 3646 918 3724 ideo
958 3645 1174 3724 militaribus
1205 3647 1323 3748 signis
1364 3646 1581 3732 familiarior,

527 3779 713 3878 [quoniam
738 3779 887 3881 longius
912 3779 1056 3880 fulgetl.

561 3910 709 3977 Oolorem
731 3911 896 3977 clariorem
919 3915 1045 4018 argenti
1067 3933 1196 3978 eausam
1219 3933 1291 3978 esse
1313 3933 1369 3977 eur
1392 3915 1580 3979 militaribus

311 4010 317 4018 ⁷
358 4089 369 4097 .
478 4032 578 4117 signis
599 4029 816 4112 adhiberetur,
838 4031 903 4095 iarn
925 4029 1046 4095 dietum
1069 4037 1153 4114 erat3
1176 4051 1257 4116 quae
1280 4031 1493 4116 insequuntur
1505 4029 1580 4096 nihil

407 4246 409 4251 Ι
478 4157 553 4214 sunt
573 4150 636 4213 nisi
658 4149 767 4234 glossa
789 4169 807 4212 e
828 4151 976 4236 margine
997 4149 1143 4236 repetita.

394 4299 457 4367 728
890 4302 1156 4381 59=ibidem.

526 4459 658 4536 -quo
677 4438 827 4537 saepius
844 4438 943 4527 arsit,
969 4435 1115 4537 proficit
1128 4436 1176 4512 ad
1191 4436 1402 4528 bonitatem,
1430 4437 1577 4536 aurique

528 4570 819 4669 experimentum
850 4570 949 4670 ignis
976 4578 1062 4662 est,v
1083 4575 1122 4646 ut
1147 4567 1256 4646 simili
1290 4567 1416 4647 colore
1451 4568 1578 4645 rubeat

528 4702 791 4801 ignescatque3
819 4708 857 4780 et
881 4702 1003 4802 ipsum
1029 4703 1222 4782 obrussam
1249 4710 1394 4780 voeant.
