3700 5625
483 741 546 813 112
932 745 1024 810 true
1049 745 1142 811 XXI.

533 965 666 1020 recens
691 939 753 1020 vel
778 941 921 1018 aridum
946 938 1123 1043 illinique.
1164 907 1300 1020 bledici
1327 940 1388 1019 vel
1413 939 1569 1043 splenicis

532 1075 729 1176 propinant
755 1097 803 1152 ex
827 1081 935 1151 aceto
962 1082 1034 1154 ete.

564 1209 615 1272 Ita
636 1207 700 1272 Sill.
730 1226 810 1272 voce
838 1210 946 1271 mediet
973 1225 991 1270 e
1019 1205 1088 1272 cod.
1111 1205 1150 1272 R.
1182 1199 1314 1290 recepta
1342 1204 1401 1270 sed
1434 1225 1489 1270 suo
1513 1205 1570 1269 looo

483 1331 591 1388 mota:
612 1323 678 1389 illic
695 1325 779 1390 enim
802 1329 878 1388 ante
897 1345 929 1390 v.
950 1328 981 1389 in
1002 1328 1069 1388 vino
1091 1322 1216 1408 legitur.
1243 1323 1339 1388 lanus
1361 1322 1405 1388 ed
1425 1297 1570 1409 vulgatam

338 1475 349 1494 κ
466 1439 579 1506 'rediit
599 1459 774 1527 vocemque
802 1447 851 1504 rel
874 1445 950 1504 ante
979 1445 1119 1521 splenicis
1149 1457 1232 1526 quae
1259 1438 1292 1503 in
1320 1439 1468 1506 omnibus
1495 1438 1571 1506 oodd.

483 1559 650 1645 reperitur,
674 1558 790 1624 omisit.
820 1560 863 1623 At
883 1558 1061 1622 rectissime
1085 1576 1105 1621 a
1126 1555 1192 1622 Slll.
1215 1555 1414 1623 intellectum
1437 1565 1501 1641 est,
1519 1577 1572 1623 rne-

484 1675 573 1742 dioos
594 1684 669 1763 post
689 1682 803 1764 poetas
825 1675 1037 1740 nominandos
1058 1674 1168 1743 fuisse.
1211 1675 1249 1740 Id
1267 1695 1393 1761 quoque
1415 1681 1499 1740 recte
1520 1675 1573 1760 egit

483 1793 569 1880 quod
580 1815 698 1860 norum
715 1791 791 1858 inde
803 1812 934 1858 sensum
944 1791 1073 1877 incepit,
1095 1797 1129 1856 at
1150 1812 1229 1857 voce
1252 1798 1299 1856 rel
1318 1793 1444 1857 etiamsi
1463 1791 1573 1878 idquod

482 1915 559 1976 adeo
591 1912 749 1998 significet
775 1913 883 1998 inepte
916 1909 1138 1996 gradationem
1161 1909 1230 1974 lieri
1258 1908 1298 1973 ab
1319 1909 1450 1976 insolito
1472 1909 1572 1974 herbae

481 2049 576 2094 usum
603 2029 645 2095 ad
674 2031 838 2116 vulgarem
868 2030 886 2092 i.
917 2049 946 2097 a.
968 2049 988 2091 a
1014 2027 1127 2092 maiori
1156 2026 1198 2090 ad
1223 2027 1329 2092 minus
1359 2027 1430 2114 quis
1461 2027 1573 2113 estqui

482 2153 587 2234 neget.
611 2146 739 2213 Scilicet
753 2167 850 2233 quam
862 2166 926 2213 vox
940 2152 1048 2229 medici
1060 2145 1091 2209 in
1106 2144 1271 2231 archetypi
1286 2145 1431 2231 margine
1446 2145 1486 2210 ad
1496 2167 1523 2212 n.
1539 2152 1575 2210 rel

483 2264 645 2352 adscripta
667 2273 763 2349 esset,
786 2264 982 2350 aplerisque
1004 2262 1133 2346 omissa,
1156 2282 1176 2326 a
1197 2264 1266 2330 eod.
1288 2263 1318 2328 R
1339 2262 1468 2328 librario
1490 2285 1572 2350 pravo

467 2383 594 2449 —ordine
617 2383 727 2449 addita
748 2393 806 2451 est.
829 2378 1040 2448 Scribendum
1062 2385 1111 2444 est
1131 2381 1245 2466 igitur:
1275 2388 1321 2446 uel
1336 2401 1440 2447 reeens
1460 2389 1504 2446 vel
1520 2387 1572 2446 ori·
1642 2367 1643 2374 ἵ

482 2507 553 2566 dam
575 2492 715 2582 rictusque.
761 2504 874 2566 Medici
893 2505 1041 2582 splenicis.

502 2721 507 2732 Ι
897 2615 1185 2697 146=ibidem
1246 2687 1252 2693 .

531 2751 807 2831 4-„Stomaen0
851 2757 973 2830 tamen
1013 2749 1141 2828 inutile
1182 2772 1266 2828 esse
1304 2792 1351 2833 -.-
1387 2795 1434 2808 -
1476 2747 1572 2850 aliqui

530 2894 678 2988 negant.
725 2884 772 2963 Et
796 2884 1015 2987 religionem
1040 2884 1183 2962 addunt
1210 2893 1279 2964 etc.

564 3020 729 3085 Lacunam
751 3039 771 3083 a
793 3018 859 3085 Sill.
882 3016 1116 3105 deprehensam
1138 3019 1184 3082 ita
1205 3018 1338 3105 expleo:

524 3145 666 3219 ederam,
689 3142 783 3231 aliqui
803 3147 917 3216 repant
937 3146 967 3200 et
987 3136 1042 3204 rel.

567 3254 718 3338 Getarum
745 3255 778 3319 in
799 3254 862 3319 fine
883 3252 985 3339 huius?
1007 3272 1122 3317 sensus
1146 3256 1297 3331 attineant
1329 3254 1449 3339 optime
1477 3272 1573 3319 omnes

483 3373 554 3437 libri
571 3372 662 3440 MSS.
684 3372 805 3437 habent
826 3371 866 3437 de
881 3371 920 3436 iis
933 3370 1176 3456 intelligendum
1190 3370 1245 3456 qui
1258 3372 1377 3457 polium
1393 3373 1574 3438 invenerunt.

400 3528 463 3596 459
735 3492 997 3581 151=2u‚87.
1035 3488 1104 3584 (de
1131 3487 1327 3580 meliloto).
1455 3592 1465 3606 ,

532 3620 631 3700 ldem
659 3622 812 3701 effeetus
839 3631 876 3699 et
901 3623 949 3699 ad
969 3620 1124 3721 vulvas3
1151 3628 1266 3699 testes
1292 3644 1382 3699 vero
1401 3631 1437 3698 et
1462 3622 1573 3698 sedem

533 3753 749 3857 prociduam
776 3779 948 3855 quaeque
987 3764 1023 3833 et
1048 3754 1120 3833 alia
1156 3753 1206 3832 ibi
1233 3756 1305 3830 sint
1344 3755 1431 3832 vitia
1458 3748 1573 3832 reeens

534 3912 582 3967 ex
609 3910 704 3989 aqua
730 3887 888 3965 decocta
913 3886 974 3964 vel
1001 3912 1048 3965 ex
1073 3911 1197 3989 passe.

570 4020 612 4086 Ut
634 4027 811 4086 structurae
838 4020 959 4086 labanti
988 4025 1203 4104 succurreret,
1231 4018 1297 4085 Sill.
1331 4020 1420 4085 varia
1446 4013 1572 4095 mutavit,

485 4141 582 4204 lanus
602 4158 715 4204 eume
742 4146 833 4225 parte
861 4146 990 4204 secutus
1020 4143 1063 4202 ad
1089 4150 1176 4203 testes
1204 4144 1236 4202 et
1258 4148 1378 4202 recente
1398 4175 1439 4184 —
1462 4142 1573 4200 decocto

486 4226 621 4340 scripsit.
667 4260 711 4321 At
731 4277 807 4322 vero
824 4254 916 4321 codd.
941 4264 973 4321 et
995 4257 1211 4325 accusativum
1233 4255 1401 4343 praebent,
1423 4261 1573 4337 utrumque

487 4376 523 4458 V,
546 4373 683 4460 priorem
705 4375 749 4457 R,
783 4381 815 4439 et
836 4356 948 4441 rocem
972 4380 1016 4439 cd
1036 4376 1217 4461 ignorant(
1236 4371 1350 4459 Itaque
1372 4372 1470 4437 multo
1491 4369 1574 4437 tutius

485 4494 546 4558 erit
566 4491 665 4558 verba
685 4512 767 4577 quae
790 4490 949 4556 excidisse
962 4492 1106 4577 putanda
1129 4498 1213 4575 sunt,
1235 4492 1290 4556 tali
1311 4490 1378 4556 lere
1400 4486 1492 4554 modo
1512 4504 1573 4569 sup·

484 4612 589 4696 plere:
1623 4692 1627 4699 ἱ

526 4768 569 4780 -
590 4742 676 4796 testes
696 4747 768 4794 cero
788 4764 831 4778 —-·
850 4733 924 4793 vitia
939 4736 1084 4791 recemem
1102 4764 1143 4775 —
1158 4730 1310 4791 decoctam
1322 4762 1357 4773 -
1374 4729 1572 4792 sanareaiunt
1640 4742 1641 4825 u

399 2685 462 2757 468
