3700 5625
488 573 549 640 178
939 575 1038 640 liber
1059 576 1154 642 XIV
1153 624 1162 643 .

489 771 584 828 certa
597 763 793 828 coniectura
808 760 947 846 explere
967 781 1036 826 non
1057 761 1148 841 licet,
1169 761 1370 827 adieetivum
1381 759 1581 828 iulasevaaa·

436 927 441 936 .
490 878 567 946 bulo
581 879 681 943 denso
700 881 903 946 contrarium
917 879 1129 947 manifestum
1140 888 1202 946 est.
1232 881 1347 966 ltaque
1367 892 1504 966 propter
1521 882 1583 946 soni

489 999 740 1084 litterarumque
770 997 1014 1064 similitudinem
1044 1020 1163 1087 maana
1191 999 1474 1085 excidisseputo.
1524 998 1584 1063 lila-

490 1135 576 1202 gnae
600 1118 686 1182 enim
708 1116 837 1184 visulae
860 1134 944 1180 rivas
965 1114 1073 1180 icisse
1093 1136 1115 1180 e
1137 1113 1452 1183 Columellaelll.2.
1475 1117 1584 1180 deseri

490 1237 605 1320 ptione
624 1234 801 1322 colligitur.
847 1234 912 1309 Qui
934 1233 1076 1317 argium,
1099 1229 1177 1296 licet
1195 1232 1303 1298 viauia
1316 1234 1475 1300 minorem
1489 1235 1585 1299 vasus

491 1355 565 1419 uvis
586 1353 813 1430 exuberasse,
844 1351 985 1418 visulam
1010 1350 1079 1416 lato
1101 1351 1183 1418 folio
1216 1352 1344 1419 sruotus
1367 1356 1452 1419 tueri
1473 1364 1584 1421 narrat.

491 1472 689 1539 lndeooram
712 1469 803 1552 visu,
835 1471 895 1535 sed
917 1469 1095 1536 iucundam
1115 1490 1242 1555 sapore
1264 1491 1345 1537 asse
1368 1471 1493 1538 Plinius
1505 1469 1583 1560 §.ib

491 1589 608 1669 refert,
632 1588 750 1676 quales
769 1601 846 1654 sunt
868 1608 953 1674 quas
975 1587 1075 1653 hodie
1095 1589 1318 1676 „pizzutelle“
1331 1591 1405 1658 ltali
1418 1590 1585 1678 appellant.

493 1712 708 1794 Quapropter
724 1707 756 1774 in
773 1728 845 1773 eam
862 1708 1060 1775 senteutiam
1080 1730 1132 1774 me
1146 1709 1306 1775 inclinare
1320 1710 1447 1783 fateor,
1467 1709 1586 1775 uthano

492 1827 611 1913 ipsam,
632 1826 664 1890 in
680 1825 808 1892 Latinis
826 1825 1027 1911 Sabinisque
1046 1823 1185 1892 collibus
1205 1826 1519 1913 frequentissimam,
1539 1846 1586 1890 ve·

492 1960 598 2014 terum
617 1946 759 2013 visulam
783 1967 861 2012 esse
883 1946 1036 2011 arbitrer.
1294 1931 1300 1941 ⁵
1373 1946 1377 1955 '

576 2101 611 2164 lu
633 2098 861 2186 sequentibus·

412 2243 475 2308 228
943 2214 1142 2309 36=3,o.

544 2355 738 2457 Siquidem
771 2351 908 2429 'l'uscis
942 2350 1141 2452 peculiaris
1182 2362 1239 2425 est
1268 2351 1459 2428 'l'udernis
1492 2360 1586 2450 atque
1644 2400 1645 2433 ÷

545 2492 655 2568 etiam
680 2488 875 2566 nominis
898 2485 1102 2569 Florentia.
1126 2485 1196 2560 Est
1222 2486 1344 2585 opima
1360 2486 1510 2562 Arretio
1534 2486 1587 2558 tal·
1644 2528 1645 2533 =

544 2653 641 2730 pona
662 2634 723 2701 rel.

494 2765 629 2855 egregie
669 2761 817 2849 Silligius
860 2761 1007 2826 coniecit
1049 2759 1226 2848 legendum
1271 2777 1349 2823 esse
1386 2752 1587 2845 coquomioic

493 2905 580 2969 quae
602 2903 684 2949 vero
708 2894 886 2966 praeterea
911 2890 1037 2943 murtare
1059 2877 1172 2955 voluit,
1194 2878 1317 2963 optime
1340 2873 1500 2960 explicari
1523 2892 1586 2958 pos

440 2980 445 2990 ¹
492 3015 580 3069 sunt.
608 3002 684 3067 Uva
696 2999 864 3066 Florentia
886 2996 1011 3080 oppido
1034 2994 1242 3078 cognominis
1261 2990 1334 3072 fuit,
1358 2994 1448 3078 quod
1464 2988 1587 3055 aPlinio

492 3120 769 3188 connominatur.
793 3114 960 3181 Arretium
977 3110 1128 3196 possidet
1150 3108 1291 3177 fertilem
1313 3109 1483 3196 talponam
1500 3107 1588 3181 ‘aliae

492 3259 558 3325 que
579 3260 644 3304 non
666 3236 791 3322 pariter
810 3233 948 3316 opimas.

413 3408 476 3472 229
537 3336 541 3345 Ι
919 3363 1018 3439 38:
1033 3362 1181 3437 ibidem.
1520 3448 1525 3457 1

543 3490 768 3583 vinaciolam
796 3504 865 3580 soli
891 3512 1073 3578 noverunt
1094 3496 1222 3574 Sabini
1249 3509 1287 3572 et
1312 3496 1551 3574 Laurenti.

574 3657 623 3721 lta
640 3655 741 3740 vulgo
764 3654 918 3719 scribitur
940 3651 992 3716 vel
1012 3661 1153 3736 propter
1166 3650 1431 3715 terminationem
1447 3642 1588 3717 vocabuli

491 3774 656 3841 Laurenti
674 3761 802 3853 vitiose,
824 3784 860 3837 ut
883 3782 978 3837 recte
1001 3770 1233 3834 animadvertit
1247 3768 1406 3853 siligine,
1428 3771 1482 3855 qui
1504 3786 1588 3852 repe·

490 3898 557 3959 rire
579 3915 618 3959 se
639 3915 706 3958 uon
729 3892 879 3976 potuisse
902 3888 966 3969 ait,
998 3886 1076 3971 quid
1107 3886 1161 3948 hic
1192 3884 1322 3952 lateret.
1368 3886 1433 3951 Pro
1457 3881 1590 3949 laurenti

492 4012 591 4077 codd.
612 4011 685 4076 aad
711 4011 791 4075 dant
820 4006 980 4088 calceati,
1003 4006 1092 4070 uude
1116 4015 1210 4069 certa
1234 4006 1465 4071 emendatione
1486 4002 1587 4070 efficio

493 4126 649 4204 calani,
680 4106 819 4212 quo-rum
842 4123 916 4188 vina
940 4142 1015 4186 cum
1038 4120 1172 4185 Sabinis
1195 4122 1294 4188 etiam
1316 4125 1405 4210 apud
1428 4121 1587 4189 Horatium

491 4243 636 4311 Carml.
649 4242 701 4306 20.
715 4242 743 4307 9.
765 4250 1019 4328 componuntur.
1064 4240 1168 4305 Simili
1191 4241 1382 4328 corruptela
1402 4243 1491 4309 infra
1503 4236 1586 4331 §.bb

489 4385 552 4451 pro
578 4361 704 4429 catera
727 4364 799 4430 cod.
822 4382 844 4427 a
865 4359 1002 4427 exhibet
1024 4357 1189 4428 Ualentia.

905 4566 911 4573 -
939 4512 990 4589 47
1003 4546 1043 4583 =
1056 4512 1095 4606 4,
1110 4514 1148 4589 5.

410 4556 472 4621 230
538 4654 698 4731 Ceterae
716 4651 810 4730 vitas
832 4650 1020 4729 miscellae
1038 4674 1212 4729 maxum
1226 4648 1267 4727 iu
1286 4647 1452 4748 quemvis
1466 4666 1583 4746 agrum
