3700 5625
256 769 318 836 itia.
334 769 442 838 merit.
463 787 495 853 p.
508 766 587 838 529.
608 764 701 833 (ioco
727 776 880 832 vocatur.
925 762 1085 833 Proximo
1109 734 1222 831 odom
1245 784 1351 833 roua·

256 887 322 953 boio
346 886 471 973 aliquid
500 888 543 954 de
572 886 622 953 Oo
648 886 840 973 praedicari
869 884 1011 951 videtur.
1062 884 1211 973 Egregie
1239 896 1351 953 eutem

257 1018 342 1093 portu
361 1007 529 1073 instructa
543 1005 616 1091 fult,
637 1004 789 1073 otniae
798 1004 876 1071 XV.
886 1004 939 1069 76.
968 1003 1076 1080 Quem
1098 1004 1213 1090 optimi
1228 1006 1304 1072 eod.
1319 1005 1353 1073 A

256 1126 410 1211 scriptura
435 1124 612 1211 namna,
638 1126 673 1191 in
698 1124 755 1191 Rd
779 1124 814 1191 in
836 1121 972 1189 otim
1000 1133 1178 1211 corrupto,
1212 1124 1353 1191 indicari

257 1244 396 1331 otium,
418 1257 458 1313 ut
477 1246 656 1332 legendnm
675 1245 844 1310 videatnre
869 1240 952 1309 cm
965 1242 1167 1309 Eulimenos.
1196 1245 1352 1312 Ceterum

257 1386 400 1433 numeros
411 1365 597 1432 emendare
613 1383 682 1429 non
703 1365 813 1431 ondeo
835 1383 921 1451 qnos
942 1372 999 1427 ant
1019 1361 1076 1429 hic
1097 1374 1155 1429 aut
1169 1363 1257 1453 §.uu
1278 1384 1353 1431 eor·

256 1496 359 1571 mutos
377 1504 460 1551 esee
482 1482 574 1550 facili
593 1494 753 1570 oompoto
773 1482 939 1550 eflicitur.¹
968 1480 1039 1547 lille
1058 1484 1145 1549 enim
1162 1483 1354 1570 Carpathus

258 1603 388 1670 ecreto
406 1602 473 1669 LX
493 1602 559 1669 mil.
578 1624 623 1689 p.,
644 1602 701 1668 hie
720 1600 882 1667 XXXVII
899 1602 1028 1668 distare
1047 1612 1213 1670 narratur.
1258 1600 1355 1674 Com·

259 1720 356 1808 plnres
374 1733 491 1789 autem
511 1723 642 1787 insulae
663 1717 1026 1787 infecunditatem
1049 1722 1269 1789 nominantur.
1296 1721 1356 1788 At·

259 1862 312 1926 que
330 1840 467 1907 Graeeo
492 1840 661 1908 vocabulo
690 1842 790 1907 etiam
812 1837 1036 1924 Peparethum
1061 1843 1174 1907 atatim
1194 1840 1357 1907 Euocuon

261 1961 493 2045 (duououAR,
512 1961 684 2027 &aarum
699 1960 738 2046 d)
757 1958 956 2048 appellatur.

678 2149 935 2247 8³:12,2u.
1374 2170 1411 2237 or

300 2323 387 2399 lade
411 2320 598 2399 silvestris
621 2320 728 2421 regio
754 2321 944 2421 Hylaeum
966 2346 1069 2399 mare
1096 2346 1171 2421 quo
1196 2317 1358 2402 adluitur

301 2455 586 2562 cognominavit,
611 2456 948 2535 Enoachndloe
973 2469 1153 2536 vocantur
1178 2455 1333 2534 incolae.

330 2665 451 2731 Mirum
473 2662 556 2729 illud
578 2671 613 2727 et
632 2663 814 2729 inauditum
833 2683 958 2730 nomen
977 2662 1154 2731 manifesto
1166 2676 1360 2752 corruptum

264 2792 306 2848 est
321 2785 352 2849 in
373 2804 417 2851 eu
438 2783 642 2870 praesertim
656 2782 817 2871 Scythiae
836 2783 978 2870 regione
999 2803 1099 2884 quam
1118 2794 1152 2852 et
1168 2784 1361 2854 Herodotus

266 2915 405 2972 accurate
426 2903 611 2986 descripsit
633 2913 667 2966 et
689 2914 768 2990 post
786 2925 859 2970 eum
882 2903 1009 2990 plures,
1035 2927 1053 2970 e
1076 2907 1195 2996 quibus
1217 2907 1361 2974 Posido-

265 3025 337 3090 nium
355 3025 560 3111 praesertim
571 3022 707 3102 Plinius,
726 3024 827 3090 sicuti
835 3023 961 3090 Strabo
973 3023 1044 3088 Vll.
1057 3037 1090 3092 et
1105 3025 1128 3092 l.
1139 3026 1209 3108 Xl.,
1228 3027 1362 3094 videtne

267 3117 489 3210 secutosesse.
522 3141 728 3207 Herodotum
738 3144 824 3208 enim
837 3143 878 3208 de
891 3163 956 3229 quo
979 3154 1058 3208 ante
1080 3164 1198 3210 omnes
1220 3146 1361 3231 cogites,

267 3260 478 3330 inauetornm
494 3262 604 3328 indice
626 3283 692 3327 nun
714 3263 920 3349 reperimus:
941 3263 1039 3330 nobis
1060 3283 1143 3330 vero
1160 3265 1283 3350 quippe
1305 3265 1361 3351 qui

267 3379 385 3468 reliquie
393 3383 544 3448 Graecis
554 3382 775 3466 scriptoribus
786 3381 860 3448 lere
877 3384 983 3449 simne
1004 3383 1163 3465 destituti,
1186 3385 1361 3452 Herodoto

267 3503 430 3586 praecipue
460 3500 574 3566 licebit
600 3502 664 3581 nti,
694 3523 839 3588 quocum
867 3502 964 3570 Plinii
994 3525 1127 3592 quoque
1149 3517 1308 3572 auctores
1329 3507 1363 3576 in
1440 3525 1443 3530 '

268 3617 419 3707 alericum
447 3621 672 3688 consentiunt.
717 3621 956 3697 Quaerendum
983 3634 1037 3690 est
1057 3625 1158 3712 igitur
1178 3626 1277 3694 vieini
1300 3645 1363 3692 no-

210 3800 211 3810 *
269 3755 330 3801 uren
346 3739 465 3824 populi
491 3741 579 3824 qnod
602 3740 647 3804 ad
670 3740 823 3806 codicum
845 3741 1023 3809 lectionem
1044 3744 1196 3829 proxime
1217 3745 1362 3816 aceedit.

209 3830 214 3943 i
268 3851 306 3918 lta
323 3877 403 3924 vero
428 3859 600 3924 scribunt:

210 4030 211 4047 .
302 3978 371 4044 eod
392 3979 425 4042 R
447 3977 684 4060 croooeoolloue,
707 4003 730 4065 p
751 3979 987 4062 cuoeelooolloe,
1014 3980 1260 4067 deuoeloclroe,
1356 3933 1360 3941 Ι
1399 3963 1419 3974 „

302 4091 327 4157 Τ
347 4095 551 4163 euoctueltee.

340 4230 458 4298 Codex
479 4231 567 4296 enim
587 4231 621 4299 A
651 4232 718 4300 huc
743 4257 852 4323 usque
883 4259 952 4304 non
980 4239 1135 4322 pertinet.
1180 4236 1225 4301 'ln
1252 4235 1367 4327 primis

245 4325 375 4454 'littorio
395 4370 513 4417 omnes
535 4355 757 4436 consentiunt,
779 4355 813 4422 in
834 4353 956 4422 ultimis
967 4355 1040 4423 fere
1055 4358 1120 4424 det
1130 4357 1170 4423 T.
1192 4357 1262 4422 lam
1275 4355 1368 4422 initio

272 4481 359 4535 uuam
376 4468 541 4556 syllabam
562 4472 734 4543 excidisse
758 4475 971 4544 statuendum
992 4484 1062 4556 est,
1089 4476 1369 4564 quemadmodum

210 4662 211 4731 1
274 4580 363 4665 puolo
392 4584 497 4668 inire,
528 4595 566 4655 nt
597 4588 667 4658 alia
693 4593 849 4680 exemplo
877 4615 966 4682 qnae
999 4607 1122 4682 posteo
1148 4599 1369 4685 reperiemus,
