3700 5625
705 763 796 836 ruer
818 768 941 840 rrrrr.
1335 759 1376 840 tt

282 974 338 1050 est,
369 965 453 1032 bene
481 965 579 1052 Igitur
605 963 671 1034 sill.
696 967 766 1032 Ian.
798 973 829 1033 ia
856 984 976 1033 messem
1005 961 1155 1036 scribunt.
1200 968 1322 1033 Deinde
1343 966 1376 1034 in

282 1083 342 1150 cod.
365 1105 386 1148 a
407 1096 491 1149 creto
512 1083 687 1168 omittitur,
717 1101 778 1171 qno
801 1101 907 1150 errore
938 1085 979 1150 sd
998 1082 1095 1150 fidem
1125 1087 1286 1173 scriptoris
1308 1085 1376 1151 vln-

282 1201 442 1266 dicandam
475 1201 522 1266 uti
548 1202 632 1267 licet.
675 1201 780 1277 Quum
816 1203 901 1267 enim
923 1201 1004 1269 (lato
1027 1221 1075 1290 cp.
1098 1195 1159 1271 lss
1191 1213 1321 1269 tmuroc
1341 1205 1378 1268 nt

282 1318 465 1383 cthbeatnr
491 1317 641 1402 suadeat,
671 1317 834 1406 ‘Vergilius
856 1317 974 1406 θοοῖς.
994 1319 1020 1388 I.
1043 1319 1105 1391 179
1142 1328 1261 1385 cretam
1295 1325 1377 1406 quae

281 1435 359 1522 apud
378 1436 469 1500 illum
488 1452 532 1502 ns
550 1443 817 1502 commemoratur
838 1435 985 1523 quidem,
1008 1435 1221 1521 commendet,
1245 1443 1378 1523 apparet

281 1571 383 1618 rocem
406 1562 490 1618 creto
511 1554 544 1618 in
567 1573 587 1618 a
608 1555 775 1638 omissam,
807 1554 885 1619 ind
911 1561 945 1620 st
974 1555 1028 1641 qui
1062 1556 1130 1620 eiua
1156 1554 1277 1619 similes
1304 1559 1378 1618 sunt

281 1670 436 1738 codicibus
460 1692 479 1737 e
499 1671 645 1757 margine
666 1671 700 1738 iu
720 1678 965 1759 praeposterum
979 1671 1091 1744 ,lotum
1110 1675 1274 1757 neopum
1297 1685 1378 1739 csse.

281 1788 461 1874 legendum
483 1796 533 1854 est
553 1785 665 1875 igitur:

205 1908 206 1995 i
317 1926 418 1970 aream
440 1912 473 1981 ip
495 1925 615 1971 messem
627 1927 829 1990 praeparare,
855 1912 978 1974 Octontr
998 1917 1074 1974 scat.
1096 1928 1152 1972 nm.
1176 1917 1275 1992 temp,
1309 1911 1380 1972 Ver·

205 2041 206 2102 3
314 2029 378 2103 pilii
398 2030 557 2106 operosius
578 2036 673 2090 cteta.
923 2099 929 2106 Ι

693 2165 766 2239 296
781 2164 956 2249 τ-3θ,72.

326 2288 521 2367 Galliarum
555 2288 755 2370 latifundiis
793 2290 881 2370 valli
913 2291 1167 2394 praegrandes
1207 2269 1379 2368 dentibus

325 2423 361 2500 in
384 2422 552 2524 margine
577 2423 721 2502 infestis
750 2425 893 2503 duabus
911 2425 1002 2502 rotis
1026 2447 1095 2526 per
1120 2429 1289 2524 segetem
1309 2424 1381 2504 lm-

327 2554 523 2656 pelluntur.

1401 2221 1462 2295 377

357 2687 542 2754 Ablativum
563 2688 626 2753 loci
660 2687 747 2774 apud
769 2687 913 2774 quemvis
942 2687 1039 2752 alium
1068 2687 1255 2772 scriptorem
1285 2685 1381 2757 corri-

285 2826 404 2891 gerem,
426 2804 531 2871 Plinio
553 2804 715 2891 relinquo,
738 2783 778 2871 cl.
801 2803 1009 2904 Grasberger.
1036 2827 1065 2891 p.
1088 2805 1138 2889 54,
1162 2809 1195 2869 at
1216 2827 1245 2870 v.
1267 2807 1382 2883 insectis

284 2923 405 2987 minime
426 2923 500 2988 huic
515 2923 586 2988 loco
605 2929 714 3006 aptum
736 2930 769 2988 et
789 2918 945 2989 acidius
965 2921 1188 2989 emendatione
1210 2923 1243 2987 in
1266 2928 1380 2987 inccr-

286 3044 318 3103 cs
335 3041 523 3105 mutandam
544 3056 617 3114 csso
640 3056 768 3105 conseo.

694 3181 827 3253 ³302:
840 3180 960 3267 3336.
1166 3260 1178 3277 ὓ
1401 3202 1464 3272 373

330 3305 397 3402 Qui
421 3305 577 3386 feminas
604 3309 751 3409 concipi
775 3307 883 3386 voles
908 3308 946 3383 in
972 3307 1072 3385 hunc
1095 3312 1246 3383 ventum
1271 3329 1381 3407 spec-

328 3445 446 3518 tantes
471 3439 553 3518 iniri
578 3442 716 3541 cogito.

361 3574 410 3637 Dc
432 3573 650 3658 septentrione
680 3572 821 3658 loquitur
841 3571 887 3636 ita
908 3579 944 3636 nt
976 3568 1037 3635 sibi
1065 3571 1134 3657 ipse
1162 3568 1380 3636 contradicere

287 3686 431 3755 videatur.
479 3682 562 3753 Nam
597 3685 687 3754 VIII.
711 3688 771 3757 189
809 3688 977 3774 ,aquilonis
1009 3684 1088 3753 flatu
1119 3708 1224 3753 mares
1257 3686 1380 3771 concipi

289 3800 418 3888 dixerat,
441 3807 542 3870 austri
562 3806 709 3871 fomincs‘
740 3801 889 3892 idemque
912 3803 940 3889 5.
963 3801 1024 3873 336
1046 3806 1219 3870 Aristotele
1252 3808 1379 3870 auclore

289 3924 401 4006 repetit.
445 3924 535 3998 Quae
557 3937 633 3987 cum
655 3925 858 3989 consentiens
892 3921 1091 4009 antiquitatis
1121 3922 1208 3987 fama
1240 3922 1282 3987 sit
1320 3922 1379 4003 (cf.

289 4037 759 4121 Aristot.hist.anim.VI.19,
782 4047 925 4127 generat.
951 4041 1046 4105 anim.
1070 4038 1124 4105 IV.
1148 4038 1178 4123 2,
1202 4035 1380 4105 Columella

290 4150 352 4219 VII.
371 4160 402 4241 4,
422 4158 548 4226 Aelian.
569 4159 601 4223 h.
624 4180 653 4225 a.
676 4160 744 4223 VII.
766 4157 838 4243 27),
860 4157 921 4222 hoc
943 4156 1073 4243 quidem
1093 4157 1164 4221 loco
1186 4158 1380 4223 contrarium

292 4271 461 4340 adseverari
479 4297 543 4341 non
563 4276 677 4361 potuit.
719 4277 833 4360 ltaque
854 4274 1023 4339 Pinticuns
1047 4280 1079 4339 ct
1103 4272 1315 4341 Schneiderus
1338 4277 1379 4341 ad

294 4386 476 4456 Columellas
497 4393 602 4461 locum
624 4413 723 4460 mares
744 4391 840 4456 scribi
861 4392 987 4456 volunt:
1010 4390 1087 4455 mihi
1102 4392 1258 4456 aliaratio
1276 4394 1379 4479 magis
1449 4452 1453 4459 .

294 4506 408 4575 arridet.
451 4506 517 4573 vix
533 4510 618 4574 enim
638 4508 716 4573 milri
735 4507 931 4595 persuadere
954 4526 1096 4594 possum,
1115 4506 1197 4573 locis
1219 4514 1285 4573 tam
1306 4519 1379 4595 pro·

295 4621 405 4708 pinquis
427 4626 540 4691 e'adem
558 4644 578 4690 a
598 4626 703 4690 Plinio
722 4624 775 4690 bis
794 4624 941 4711 proferri,
964 4640 1047 4711 quae
1063 4622 1115 4688 hic
1135 4624 1286 4711 legrmtur
1307 4632 1379 4691 cum'

296 4735 329 4801 In
348 4757 424 4827 quas
446 4750 711 4830 moxsequnntur
731 4742 850 4829 optime
866 4740 1017 4829 coniungi
1027 4739 1130 4809 rideo.
1152 4742 1379 4829 ltaqnetrans·
1459 4808 1461 4815 .

639 4859 643 4868 .
1123 4858 1170 4925 5,
