<?xml version="1.0" encoding="UTF-8"?>
<!DOCTYPE html PUBLIC "-//W3C//DTD XHTML 1.0 Transitional//EN"
    "http://www.w3.org/TR/xhtml1/DTD/xhtml1-transitional.dtd">
<html xmlns="http://www.w3.org/1999/xhtml" xml:lang="en" lang="en">
 <head>
  <title>
</title>
<meta http-equiv="Content-Type" content="text/html;charset=utf-8" />
  <meta name='ocr-system' content='tesseract 3.04.00' />
  <meta name='ocr-capabilities' content='ocr_page ocr_carea ocr_par ocr_line ocrx_word'/>
</head>
<body>
  <div class='ocr_page' id='page_1' title='image "./vindiciaeplinia01urligoog_0424.png"; bbox 0 0 3700 5625; ppageno 0'>
   <div class='ocr_carea' id='block_1_1' title="bbox 456 727 1139 803">
    <p class='ocr_par' dir='ltr' id='par_1_1' title="bbox 456 727 1139 803">
     <span class='ocr_line' id='line_1_1' title="bbox 456 727 1139 803; baseline 0.006 -6"><span class='ocrx_word' id='word_1_1' title='bbox 456 727 519 797; x_wconf 74' lang='lat'><strong>218</strong></span> <span class='ocrx_word' id='word_1_2' title='bbox 875 736 966 801; x_wconf 78' lang='lat' dir='ltr'><strong>liter</strong></span> <span class='ocrx_word' id='word_1_3' title='bbox 985 738 1139 803; x_wconf 79' lang='lat' dir='ltr'><em>XXXIV.</em></span> 
     </span>
    </p>
   </div>
   <div class='ocr_carea' id='block_1_2' title="bbox 456 928 1565 1493">
    <p class='ocr_par' dir='ltr' id='par_1_2' title="bbox 456 928 1563 1029">
     <span class='ocr_line' id='line_1_2' title="bbox 456 928 1563 1029; baseline 0.002 -32"><span class='ocrx_word' id='word_1_4' title='bbox 456 938 593 1013; x_wconf 75' lang='lat' dir='ltr'><strong>impubis.</strong></span> <span class='ocrx_word' id='word_1_5' title='bbox 613 938 699 997; x_wconf 78' lang='lat' dir='ltr'><strong>Idem</strong></span> <span class='ocrx_word' id='word_1_6' title='bbox 720 944 816 998; x_wconf 76' lang='lat' dir='ltr'><strong>autem</strong></span> <span class='ocrx_word' id='word_1_7' title='bbox 838 934 912 999; x_wconf 89' lang='lat' dir='ltr'><strong>inB</strong></span> <span class='ocrx_word' id='word_1_8' title='bbox 933 935 1172 1001; x_wconf 75' lang='lat' dir='ltr'><strong>desiderantur:</strong></span> <span class='ocrx_word' id='word_1_9' title='bbox 1195 946 1322 1029; x_wconf 67' lang='lat' dir='ltr'><strong>cetrum</strong></span> <span class='ocrx_word' id='word_1_10' title='bbox 1335 928 1447 1000; x_wconf 69' lang='lat' dir='ltr'><strong>colora</strong></span> <span class='ocrx_word' id='word_1_11' title='bbox 1459 941 1563 1015; x_wconf 72' lang='lat' dir='ltr'><strong>inpra-</strong></span> 
     </span>
    </p>

    <p class='ocr_par' dir='ltr' id='par_1_3' title="bbox 457 1050 1565 1139">
     <span class='ocr_line' id='line_1_3' title="bbox 457 1050 1565 1139; baseline 0.004 -24"><span class='ocrx_word' id='word_1_12' title='bbox 457 1058 541 1117; x_wconf 81' lang='lat' dir='ltr'><strong>tiore.</strong></span> <span class='ocrx_word' id='word_1_13' title='bbox 583 1050 633 1116; x_wconf 87' lang='lat' dir='ltr'><strong>Ne</strong></span> <span class='ocrx_word' id='word_1_14' title='bbox 655 1051 701 1115; x_wconf 89' lang='lat' dir='ltr'><strong>sie</strong></span> <span class='ocrx_word' id='word_1_15' title='bbox 724 1051 853 1137; x_wconf 85' lang='lat' dir='ltr'><strong>quidem</strong></span> <span class='ocrx_word' id='word_1_16' title='bbox 875 1059 1009 1118; x_wconf 86' lang='lat' dir='ltr'><strong>sanatus</strong></span> <span class='ocrx_word' id='word_1_17' title='bbox 1033 1059 1101 1119; x_wconf 86' lang='lat' dir='ltr'><strong>erat</strong></span> <span class='ocrx_word' id='word_1_18' title='bbox 1123 1055 1222 1136; x_wconf 85' lang='lat' dir='ltr'><strong>loeus,</strong></span> <span class='ocrx_word' id='word_1_19' title='bbox 1244 1071 1324 1139; x_wconf 79' lang='lat' dir='ltr'><strong>quoe</strong></span> <span class='ocrx_word' id='word_1_20' title='bbox 1346 1059 1434 1118; x_wconf 87' lang='lat' dir='ltr'><strong>reate</strong></span> <span class='ocrx_word' id='word_1_21' title='bbox 1449 1073 1565 1119; x_wconf 82' lang='lat' dir='ltr'><strong>eanum</strong></span> 
     </span>
    </p>

    <p class='ocr_par' dir='ltr' id='par_1_4' title="bbox 456 1169 1512 1370">
     <span class='ocr_line' id='line_1_4' title="bbox 456 1169 1512 1257; baseline 0.002 -24"><span class='ocrx_word' id='word_1_22' title='bbox 456 1171 760 1255; x_wconf 76' lang='lat' dir='ltr'><strong>integerrimnmque</strong></span> <span class='ocrx_word' id='word_1_23' title='bbox 779 1169 852 1235; x_wconf 86' lang='lat' dir='ltr'>libri</span> <span class='ocrx_word' id='word_1_24' title='bbox 872 1170 965 1237; x_wconf 73' lang='lat' dir='ltr'><strong>Mos.</strong></span> <span class='ocrx_word' id='word_1_25' title='bbox 986 1178 1153 1257; x_wconf 72' lang='lat' dir='ltr'><strong>praestant</strong></span> <span class='ocrx_word' id='word_1_26' title='bbox 1173 1172 1270 1236; x_wconf 87' lang='lat' dir='ltr'><strong>Ianus</strong></span> <span class='ocrx_word' id='word_1_27' title='bbox 1292 1178 1422 1237; x_wconf 86' lang='lat' dir='ltr'><strong>secutus</strong></span> <span class='ocrx_word' id='word_1_28' title='bbox 1445 1176 1512 1236; x_wconf 80' lang='lat' dir='ltr'><strong>est:</strong></span> 
     </span>
     <span class='ocr_line' id='line_1_5' title="bbox 497 1283 1425 1370; baseline 0.004 -19"><span class='ocrx_word' id='word_1_29' title='bbox 497 1323 539 1335; x_wconf 89' lang='lat'><strong>-</strong></span> <span class='ocrx_word' id='word_1_30' title='bbox 560 1292 639 1351; x_wconf 80' lang='lat' dir='ltr'><strong>duce</strong></span> <span class='ocrx_word' id='word_1_31' title='bbox 655 1300 764 1365; x_wconf 82' lang='lat' dir='ltr'><strong>parter</strong></span> <span class='ocrx_word' id='word_1_32' title='bbox 785 1311 893 1367; x_wconf 81' lang='lat' dir='ltr'><strong>quam</strong></span> <span class='ocrx_word' id='word_1_33' title='bbox 911 1295 1001 1365; x_wconf 74' lang='lat' dir='ltr'><strong>liuere</strong></span> <span class='ocrx_word' id='word_1_34' title='bbox 1022 1312 1051 1354; x_wconf 83' lang='lat' dir='ltr'><strong>a.</strong></span> <span class='ocrx_word' id='word_1_35' title='bbox 1073 1312 1110 1353; x_wconf 87' lang='lat' dir='ltr'><strong>m.</strong></span> <span class='ocrx_word' id='word_1_36' title='bbox 1133 1312 1162 1353; x_wconf 85' lang='lat' dir='ltr'><strong>u.</strong></span> <span class='ocrx_word' id='word_1_37' title='bbox 1181 1312 1214 1370; x_wconf 91' lang='lat' dir='ltr'><strong>p.</strong></span> <span class='ocrx_word' id='word_1_38' title='bbox 1237 1296 1256 1354; x_wconf 83' lang='lat' dir='ltr'><strong>i.</strong></span> <span class='ocrx_word' id='word_1_39' title='bbox 1422 1283 1425 1288; x_wconf 40' lang='lat'>¹</span> 
     </span>
    </p>

    <p class='ocr_par' dir='ltr' id='par_1_5' title="bbox 457 1404 1419 1493">
     <span class='ocr_line' id='line_1_6' title="bbox 457 1404 1419 1493; baseline 0.005 -24"><span class='ocrx_word' id='word_1_40' title='bbox 457 1405 477 1469; x_wconf 84' lang='lat' dir='ltr'><strong>i.</strong></span> <span class='ocrx_word' id='word_1_41' title='bbox 500 1426 527 1469; x_wconf 86' lang='lat' dir='ltr'><strong>a.</strong></span> <span class='ocrx_word' id='word_1_42' title='bbox 550 1404 644 1469; x_wconf 86' lang='lat' dir='ltr'><strong>binae</strong></span> <span class='ocrx_word' id='word_1_43' title='bbox 666 1411 776 1487; x_wconf 83' lang='lat' dir='ltr'><strong>partes</strong></span> <span class='ocrx_word' id='word_1_44' title='bbox 797 1407 908 1471; x_wconf 86' lang='lat' dir='ltr'><strong>urinae</strong></span> <span class='ocrx_word' id='word_1_45' title='bbox 932 1406 1065 1493; x_wconf 77' lang='lat' dir='ltr'><strong>singulis</strong></span> <span class='ocrx_word' id='word_1_46' title='bbox 1089 1407 1171 1472; x_wconf 87' lang='lat' dir='ltr'><strong>aceti</strong></span> <span class='ocrx_word' id='word_1_47' title='bbox 1193 1407 1419 1474; x_wconf 84' lang='lat' dir='ltr'><strong>admiscentur.</strong></span> 
     </span>
    </p>
   </div>
   <div class='ocr_carea' id='block_1_3' title="bbox 374 1558 1566 1799">
    <p class='ocr_par' dir='ltr' id='par_1_6' title="bbox 374 1558 1566 1799">
     <span class='ocr_line' id='line_1_7' title="bbox 374 1558 1364 1653; baseline -0.001 -13"><span class='ocrx_word' id='word_1_48' title='bbox 374 1573 437 1640; x_wconf 74' lang='lat'><strong>754</strong></span> <span class='ocrx_word' id='word_1_49' title='bbox 689 1560 758 1634; x_wconf 75' lang='lat'><strong>127</strong></span> <span class='ocrx_word' id='word_1_50' title='bbox 785 1596 818 1625; x_wconf 96' lang='lat'><strong><em>=</em></strong></span> <span class='ocrx_word' id='word_1_51' title='bbox 846 1559 965 1650; x_wconf 69' lang='lat'><strong>1232.</strong></span> <span class='ocrx_word' id='word_1_52' title='bbox 999 1562 1068 1653; x_wconf 82' lang='lat' dir='ltr'><strong>(de</strong></span> <span class='ocrx_word' id='word_1_53' title='bbox 1095 1558 1364 1653; x_wconf 85' lang='lat' dir='ltr'><strong>chalcantho).·</strong></span> 
     </span>
     <span class='ocr_line' id='line_1_8' title="bbox 510 1692 1566 1799; baseline 0.003 -32"><span class='ocrx_word' id='word_1_54' title='bbox 510 1735 549 1747; x_wconf 88' lang='lat'><em>-</em></span> <span class='ocrx_word' id='word_1_55' title='bbox 580 1692 840 1790; x_wconf 75' lang='lat' dir='ltr'><strong>superponitur</strong></span> <span class='ocrx_word' id='word_1_56' title='bbox 866 1692 1073 1792; x_wconf 85' lang='lat' dir='ltr'><strong>emplastris</strong></span> <span class='ocrx_word' id='word_1_57' title='bbox 1106 1695 1154 1770; x_wconf 91' lang='lat' dir='ltr'><strong>ad</strong></span> <span class='ocrx_word' id='word_1_58' title='bbox 1181 1694 1331 1773; x_wconf 87' lang='lat' dir='ltr'><strong>dolores</strong></span> <span class='ocrx_word' id='word_1_59' title='bbox 1362 1692 1566 1799; x_wconf 74' lang='lat' dir='ltr'><strong>tollendos</strong></span> 
     </span>
    </p>
   </div>
   <div class='ocr_carea' id='block_1_4' title="bbox 507 1823 1568 1926">
    <p class='ocr_par' dir='ltr' id='par_1_7' title="bbox 507 1823 1568 1926">
     <span class='ocr_line' id='line_1_9' title="bbox 507 1823 1568 1926; baseline 0.002 -27"><span class='ocrx_word' id='word_1_60' title='bbox 507 1823 682 1922; x_wconf 88' lang='lat' dir='ltr'><strong>quodque</strong></span> <span class='ocrx_word' id='word_1_61' title='bbox 709 1847 754 1899; x_wconf 85' lang='lat' dir='ltr'><strong>ex</strong></span> <span class='ocrx_word' id='word_1_62' title='bbox 789 1848 834 1901; x_wconf 84' lang='lat' dir='ltr'><strong>eo</strong></span> <span class='ocrx_word' id='word_1_63' title='bbox 862 1827 1049 1919; x_wconf 88' lang='lat' dir='ltr'><strong>candicat,</strong></span> <span class='ocrx_word' id='word_1_64' title='bbox 1094 1827 1131 1902; x_wconf 90' lang='lat' dir='ltr'><strong>in</strong></span> <span class='ocrx_word' id='word_1_65' title='bbox 1159 1851 1231 1904; x_wconf 91' lang='lat' dir='ltr'><strong>uno</strong></span> <span class='ocrx_word' id='word_1_66' title='bbox 1266 1851 1335 1903; x_wconf 92' lang='lat' dir='ltr'><strong>usu</strong></span> <span class='ocrx_word' id='word_1_67' title='bbox 1360 1826 1568 1926; x_wconf 85' lang='lat' dir='ltr'><strong>praefertur</strong></span> 
     </span>
    </p>
   </div>
   <div class='ocr_carea' id='block_1_5' title="bbox 507 1934 881 2032">
    <p class='ocr_par' dir='ltr' id='par_1_8' title="bbox 507 1934 881 2032">
     <span class='ocr_line' id='line_1_10' title="bbox 507 1934 881 2032; baseline 0.003 -3"><span class='ocrx_word' id='word_1_68' title='bbox 507 1934 775 2032; x_wconf 77' lang='lat' dir='ltr'><strong>violaceis&#39;rel.</strong></span> <span class='ocrx_word' id='word_1_69' title='bbox 873 1962 881 1976; x_wconf 88' lang='grc'><strong><em>’</em></strong></span> 
     </span>
    </p>
   </div>
   <div class='ocr_carea' id='block_1_6' title="bbox 459 2054 1567 2405">
    <p class='ocr_par' dir='ltr' id='par_1_9' title="bbox 459 2054 1567 2405">
     <span class='ocr_line' id='line_1_11' title="bbox 540 2054 1567 2175; baseline 0.003 -24"><span class='ocrx_word' id='word_1_70' title='bbox 540 2108 599 2167; x_wconf 75' lang='lat' dir='ltr'><strong>quo</strong></span> <span class='ocrx_word' id='word_1_71' title='bbox 621 2086 709 2170; x_wconf 87' lang='lat' dir='ltr'><strong>VR,</strong></span> <span class='ocrx_word' id='word_1_72' title='bbox 744 2094 827 2167; x_wconf 76' lang='lat' dir='ltr'><strong>quod</strong></span> <span class='ocrx_word' id='word_1_73' title='bbox 854 2110 918 2154; x_wconf 91' lang='lat' dir='ltr'><strong>non</strong></span> <span class='ocrx_word' id='word_1_74' title='bbox 947 2090 1007 2157; x_wconf 84' lang='lat' dir='ltr'><strong>dT</strong></span> <span class='ocrx_word' id='word_1_75' title='bbox 1033 2054 1156 2155; x_wconf 78' lang='lat' dir='ltr'><strong>tanturn</strong></span> <span class='ocrx_word' id='word_1_76' title='bbox 1186 2089 1244 2155; x_wconf 87' lang='lat' dir='ltr'><strong>sed</strong></span> <span class='ocrx_word' id='word_1_77' title='bbox 1266 2091 1362 2155; x_wconf 86' lang='lat' dir='ltr'><strong>etiam</strong></span> <span class='ocrx_word' id='word_1_78' title='bbox 1384 2090 1429 2171; x_wconf 91' lang='lat' dir='ltr'><strong>B,</strong></span> <span class='ocrx_word' id='word_1_79' title='bbox 1464 2110 1567 2175; x_wconf 90' lang='lat' dir='ltr'><strong>equo</strong></span> 
     </span>
     <span class='ocr_line' id='line_1_12' title="bbox 459 2204 1567 2293; baseline 0.002 -25"><span class='ocrx_word' id='word_1_80' title='bbox 459 2206 491 2270; x_wconf 90' lang='lat' dir='ltr'><strong>S.</strong></span> <span class='ocrx_word' id='word_1_81' title='bbox 514 2204 539 2268; x_wconf 91' lang='lat'><strong>1.</strong></span> <span class='ocrx_word' id='word_1_82' title='bbox 562 2211 701 2285; x_wconf 78' lang='lat' dir='ltr'><strong>quodque</strong></span> <span class='ocrx_word' id='word_1_83' title='bbox 727 2206 910 2273; x_wconf 75' lang='lat' dir='ltr'><strong>attulerunt.</strong></span> <span class='ocrx_word' id='word_1_84' title='bbox 954 2210 1066 2293; x_wconf 86' lang='lat' dir='ltr'><strong>Itaque</strong></span> <span class='ocrx_word' id='word_1_85' title='bbox 1096 2206 1253 2272; x_wconf 77' lang='lat' dir='ltr'><strong>scribatur</strong></span> <span class='ocrx_word' id='word_1_86' title='bbox 1281 2213 1424 2293; x_wconf 89' lang='lat' dir='ltr'><strong>oportet:</strong></span> <span class='ocrx_word' id='word_1_87' title='bbox 1446 2244 1489 2254; x_wconf 92' lang='lat'><strong>—-</strong></span> <span class='ocrx_word' id='word_1_88' title='bbox 1513 2214 1567 2271; x_wconf 85' lang='lat' dir='ltr'><strong>tol·</strong></span> 
     </span>
     <span class='ocr_line' id='line_1_13' title="bbox 459 2326 898 2405; baseline 0.005 -19"><span class='ocrx_word' id='word_1_89' title='bbox 459 2327 569 2387; x_wconf 74' lang='lat' dir='ltr'><strong>undas</strong></span> <span class='ocrx_word' id='word_1_90' title='bbox 615 2328 705 2405; x_wconf 78' lang='lat' dir='ltr'><strong>Quod</strong></span> <span class='ocrx_word' id='word_1_91' title='bbox 725 2344 764 2387; x_wconf 77' lang='lat' dir='ltr'><strong>ex</strong></span> <span class='ocrx_word' id='word_1_92' title='bbox 785 2344 820 2387; x_wconf 85' lang='lat' dir='ltr'><strong>co</strong></span> <span class='ocrx_word' id='word_1_93' title='bbox 842 2326 898 2389; x_wconf 87' lang='lat' dir='ltr'><strong>rel.</strong></span> 
     </span>
    </p>
   </div>
   <div class='ocr_carea' id='block_1_7' title="bbox 376 2408 1672 2828">
    <p class='ocr_par' dir='ltr' id='par_1_10' title="bbox 376 2408 1672 2828">
     <span class='ocr_line' id='line_1_14' title="bbox 376 2408 1279 2554; baseline 0.003 -21"><span class='ocrx_word' id='word_1_94' title='bbox 376 2467 438 2534; x_wconf 75' lang='lat' dir='ltr'><strong>ras</strong></span> <span class='ocrx_word' id='word_1_95' title='bbox 739 2463 807 2535; x_wconf 82' lang='lat'><strong>142</strong></span> <span class='ocrx_word' id='word_1_96' title='bbox 831 2483 872 2514; x_wconf 95' lang='lat'><strong><em>=</em></strong></span> <span class='ocrx_word' id='word_1_97' title='bbox 902 2465 1018 2551; x_wconf 78' lang='lat' dir='ltr'><strong>1r‚rr.</strong></span> <span class='ocrx_word' id='word_1_98' title='bbox 1051 2408 1119 2554; x_wconf 66' lang='lat' dir='ltr'><strong>&lt;oe</strong></span> <span class='ocrx_word' id='word_1_99' title='bbox 1147 2424 1279 2550; x_wconf 71' lang='lat' dir='ltr'><strong>ferro).</strong></span> 
     </span>
     <span class='ocr_line' id='line_1_15' title="bbox 507 2590 1672 2703; baseline 0.003 -38"><span class='ocrx_word' id='word_1_100' title='bbox 507 2594 545 2667; x_wconf 91' lang='lat' dir='ltr'><strong>ln</strong></span> <span class='ocrx_word' id='word_1_101' title='bbox 574 2590 810 2692; x_wconf 81' lang='lat' dir='ltr'><strong>Cappadocia</strong></span> <span class='ocrx_word' id='word_1_102' title='bbox 846 2599 986 2669; x_wconf 87' lang='lat' dir='ltr'><strong>tantum</strong></span> <span class='ocrx_word' id='word_1_103' title='bbox 1026 2594 1193 2693; x_wconf 80' lang='lat' dir='ltr'><strong>quaestio</strong></span> <span class='ocrx_word' id='word_1_104' title='bbox 1238 2598 1310 2703; x_wconf 82' lang='lat' dir='ltr'><strong>est,</strong></span> <span class='ocrx_word' id='word_1_105' title='bbox 1355 2615 1475 2691; x_wconf 87' lang='lat' dir='ltr'><strong>aquae</strong></span> <span class='ocrx_word' id='word_1_106' title='bbox 1520 2617 1568 2668; x_wconf 90' lang='lat' dir='ltr'><strong>an</strong></span> <span class='ocrx_word' id='word_1_107' title='bbox 1671 2662 1672 2681; x_wconf 66' lang='lat'>,</span> 
     </span>
     <span class='ocr_line' id='line_1_16' title="bbox 509 2724 1567 2828; baseline 0.003 -29"><span class='ocrx_word' id='word_1_108' title='bbox 509 2732 629 2801; x_wconf 86' lang='lat' dir='ltr'><strong>terrae</strong></span> <span class='ocrx_word' id='word_1_109' title='bbox 656 2724 717 2800; x_wconf 87' lang='lat' dir='ltr'><strong>fiat</strong></span> <span class='ocrx_word' id='word_1_110' title='bbox 742 2733 948 2826; x_wconf 89' lang='lat' dir='ltr'><strong>acceptum,</strong></span> <span class='ocrx_word' id='word_1_111' title='bbox 976 2728 1147 2826; x_wconf 86' lang='lat' dir='ltr'><strong>quoniam</strong></span> <span class='ocrx_word' id='word_1_112' title='bbox 1163 2727 1311 2828; x_wconf 87' lang='lat' dir='ltr'><strong>perlusa</strong></span> <span class='ocrx_word' id='word_1_113' title='bbox 1331 2732 1433 2803; x_wconf 85' lang='lat' dir='ltr'><strong>certo</strong></span> <span class='ocrx_word' id='word_1_114' title='bbox 1452 2724 1567 2802; x_wconf 89' lang='lat' dir='ltr'><strong>fluvio</strong></span> 
     </span>
    </p>
   </div>
   <div class='ocr_carea' id='block_1_8' title="bbox 497 2858 1568 3077">
    <p class='ocr_par' dir='ltr' id='par_1_11' title="bbox 497 2858 1568 3077">
     <span class='ocr_line' id='line_1_17' title="bbox 497 2858 1491 2957; baseline -0.002 -23"><span class='ocrx_word' id='word_1_115' title='bbox 497 2867 604 2935; x_wconf 74' lang='lat' dir='ltr'><strong>‘terra</strong></span> <span class='ocrx_word' id='word_1_116' title='bbox 630 2880 752 2957; x_wconf 89' lang='lat' dir='ltr'><strong>neque</strong></span> <span class='ocrx_word' id='word_1_117' title='bbox 778 2858 884 2935; x_wconf 88' lang='lat' dir='ltr'><strong>aliter</strong></span> <span class='ocrx_word' id='word_1_118' title='bbox 908 2859 1044 2935; x_wconf 86' lang='lat' dir='ltr'><strong>ferrum</strong></span> <span class='ocrx_word' id='word_1_119' title='bbox 1071 2885 1091 2936; x_wconf 89' lang='lat' dir='ltr'><strong>e</strong></span> <span class='ocrx_word' id='word_1_120' title='bbox 1118 2860 1329 2938; x_wconf 81' lang='lat' dir='ltr'><strong>fornacibus</strong></span> <span class='ocrx_word' id='word_1_121' title='bbox 1357 2859 1491 2934; x_wconf 86' lang='lat' dir='ltr'><strong>reddit.</strong></span> 
     </span>
     <span class='ocr_line' id='line_1_18' title="bbox 541 2989 1568 3077; baseline 0.001 -24"><span class='ocrx_word' id='word_1_122' title='bbox 541 2993 592 3054; x_wconf 88' lang='lat' dir='ltr'><strong>De</strong></span> <span class='ocrx_word' id='word_1_123' title='bbox 615 2989 793 3075; x_wconf 81' lang='lat' dir='ltr'><strong>Chalybum</strong></span> <span class='ocrx_word' id='word_1_124' title='bbox 822 2991 960 3056; x_wconf 87' lang='lat' dir='ltr'><strong>metalhs</strong></span> <span class='ocrx_word' id='word_1_125' title='bbox 981 2991 1136 3077; x_wconf 87' lang='lat' dir='ltr'><strong>loquitur,</strong></span> <span class='ocrx_word' id='word_1_126' title='bbox 1169 2991 1208 3059; x_wconf 84' lang='lat' dir='ltr'><strong>ef.</strong></span> <span class='ocrx_word' id='word_1_127' title='bbox 1230 2992 1424 3056; x_wconf 85' lang='lat' dir='ltr'><strong>Ps-hristot.</strong></span> <span class='ocrx_word' id='word_1_128' title='bbox 1447 2990 1489 3054; x_wconf 93' lang='lat' dir='ltr'><strong>de</strong></span> <span class='ocrx_word' id='word_1_129' title='bbox 1513 2991 1568 3054; x_wconf 87' lang='lat' dir='ltr'><strong>rni-</strong></span> 
     </span>
    </p>
   </div>
   <div class='ocr_carea' id='block_1_9' title="bbox 452 3107 1570 3312">
    <p class='ocr_par' dir='ltr' id='par_1_12' title="bbox 452 3107 1570 3312">
     <span class='ocr_line' id='line_1_19' title="bbox 461 3107 1570 3220; baseline 0 -48"><span class='ocrx_word' id='word_1_130' title='bbox 461 3109 527 3220; x_wconf 80' lang='lat' dir='ltr'><strong>rab.</strong></span> <span class='ocrx_word' id='word_1_131' title='bbox 544 3107 696 3205; x_wconf 2' lang='lat' dir='ltr'><strong>pauculi.</strong></span> <span class='ocrx_word' id='word_1_132' title='bbox 718 3109 770 3191; x_wconf 84' lang='lat'><strong>48,</strong></span> <span class='ocrx_word' id='word_1_133' title='bbox 803 3129 883 3193; x_wconf 88' lang='lat' dir='ltr'><strong>quos</strong></span> <span class='ocrx_word' id='word_1_134' title='bbox 915 3129 1016 3194; x_wconf 86' lang='lat' dir='ltr'><strong>prope</strong></span> <span class='ocrx_word' id='word_1_135' title='bbox 1045 3107 1198 3174; x_wconf 80' lang='lat' dir='ltr'><strong>Oetaeum</strong></span> <span class='ocrx_word' id='word_1_136' title='bbox 1221 3109 1373 3194; x_wconf 87' lang='lat' dir='ltr'><strong>oppidum</strong></span> <span class='ocrx_word' id='word_1_137' title='bbox 1403 3108 1570 3174; x_wconf 86' lang='lat' dir='ltr'><strong>habitasse</strong></span> 
     </span>
     <span class='ocr_line' id='line_1_20' title="bbox 452 3224 1568 3312; baseline 0.001 -23"><span class='ocrx_word' id='word_1_138' title='bbox 452 3231 586 3289; x_wconf 79' lang='lat' dir='ltr'><strong>constat</strong></span> <span class='ocrx_word' id='word_1_139' title='bbox 614 3224 665 3288; x_wconf 85' lang='lat' dir='ltr'><strong>vel</strong></span> <span class='ocrx_word' id='word_1_140' title='bbox 693 3224 879 3310; x_wconf 86' lang='lat' dir='ltr'><strong>eXenoph.</strong></span> <span class='ocrx_word' id='word_1_141' title='bbox 914 3227 1008 3292; x_wconf 86' lang='lat' dir='ltr'><strong>anah.</strong></span> <span class='ocrx_word' id='word_1_142' title='bbox 1031 3226 1069 3292; x_wconf 92' lang='lat' dir='ltr'><strong>V.</strong></span> <span class='ocrx_word' id='word_1_143' title='bbox 1092 3229 1119 3293; x_wconf 83' lang='lat'><strong>5.</strong></span> <span class='ocrx_word' id='word_1_144' title='bbox 1146 3232 1172 3292; x_wconf 92' lang='lat' dir='ltr'><strong>l.</strong></span> <span class='ocrx_word' id='word_1_145' title='bbox 1214 3227 1327 3312; x_wconf 83' lang='lat' dir='ltr'><strong>Itaque</strong></span> <span class='ocrx_word' id='word_1_146' title='bbox 1354 3246 1420 3292; x_wconf 92' lang='lat' dir='ltr'><strong>non</strong></span> <span class='ocrx_word' id='word_1_147' title='bbox 1448 3226 1491 3290; x_wconf 88' lang='lat' dir='ltr'><strong>de</strong></span> <span class='ocrx_word' id='word_1_148' title='bbox 1521 3226 1568 3290; x_wconf 92' lang='lat' dir='ltr'><strong>in·</strong></span> 
     </span>
    </p>
   </div>
   <div class='ocr_carea' id='block_1_10' title="bbox 459 3329 1670 3427">
    <p class='ocr_par' dir='ltr' id='par_1_13' title="bbox 459 3329 1670 3427">
     <span class='ocr_line' id='line_1_21' title="bbox 459 3329 1670 3427; baseline 0.002 -22"><span class='ocrx_word' id='word_1_149' title='bbox 459 3348 546 3405; x_wconf 87' lang='lat' dir='ltr'><strong>certo</strong></span> <span class='ocrx_word' id='word_1_150' title='bbox 569 3341 708 3426; x_wconf 86' lang='lat' dir='ltr'><strong>quodam</strong></span> <span class='ocrx_word' id='word_1_151' title='bbox 730 3343 826 3405; x_wconf 84' lang='lat' dir='ltr'><strong>fluuio</strong></span> <span class='ocrx_word' id='word_1_152' title='bbox 855 3343 909 3427; x_wconf 78' lang='lat' dir='ltr'><strong>agi</strong></span> <span class='ocrx_word' id='word_1_153' title='bbox 930 3350 1181 3410; x_wconf 75' lang='lat' dir='ltr'><strong>consentaneum</strong></span> <span class='ocrx_word' id='word_1_154' title='bbox 1204 3350 1254 3408; x_wconf 89' lang='lat' dir='ltr'><strong>est</strong></span> <span class='ocrx_word' id='word_1_155' title='bbox 1282 3342 1340 3407; x_wconf 86' lang='lat' dir='ltr'><strong>sed</strong></span> <span class='ocrx_word' id='word_1_156' title='bbox 1368 3342 1408 3407; x_wconf 92' lang='lat' dir='ltr'><strong>de</strong></span> <span class='ocrx_word' id='word_1_157' title='bbox 1436 3343 1568 3408; x_wconf 88' lang='lat' dir='ltr'><strong>flumine</strong></span> <span class='ocrx_word' id='word_1_158' title='bbox 1669 3329 1670 3334; x_wconf 8' lang='grc' dir='ltr'>ἵ</span> 
     </span>
    </p>
   </div>
   <div class='ocr_carea' id='block_1_11' title="bbox 459 3441 1568 3660">
    <p class='ocr_par' dir='ltr' id='par_1_14' title="bbox 459 3441 1568 3660">
     <span class='ocr_line' id='line_1_22' title="bbox 459 3441 1568 3546; baseline -0.001 -22"><span class='ocrx_word' id='word_1_159' title='bbox 459 3441 568 3544; x_wconf 81' lang='lat' dir='ltr'><strong>oppidi</strong></span> <span class='ocrx_word' id='word_1_160' title='bbox 601 3456 790 3544; x_wconf 78' lang='lat' dir='ltr'><strong>cognomine</strong></span> <span class='ocrx_word' id='word_1_161' title='bbox 825 3459 883 3544; x_wconf 85' lang='lat' dir='ltr'><strong>(ol.</strong></span> <span class='ocrx_word' id='word_1_162' title='bbox 917 3459 1073 3545; x_wconf 84' lang='lat' dir='ltr'><strong>Forhiger</strong></span> <span class='ocrx_word' id='word_1_163' title='bbox 1107 3460 1224 3546; x_wconf 84' lang='lat' dir='ltr'><strong>Geogr.</strong></span> <span class='ocrx_word' id='word_1_164' title='bbox 1256 3469 1320 3525; x_wconf 87' lang='lat' dir='ltr'><strong>ent.</strong></span> <span class='ocrx_word' id='word_1_165' title='bbox 1347 3459 1390 3526; x_wconf 93' lang='lat' dir='ltr'><strong>II.</strong></span> <span class='ocrx_word' id='word_1_166' title='bbox 1422 3481 1452 3545; x_wconf 87' lang='lat' dir='ltr'><strong>p.</strong></span> <span class='ocrx_word' id='word_1_167' title='bbox 1476 3460 1568 3543; x_wconf 79' lang='lat'>424).</span> 
     </span>
     <span class='ocr_line' id='line_1_23' title="bbox 460 3574 1171 3660; baseline -0.003 -20"><span class='ocrx_word' id='word_1_168' title='bbox 460 3574 670 3640; x_wconf 82' lang='lat' dir='ltr'><strong>Scribendum</strong></span> <span class='ocrx_word' id='word_1_169' title='bbox 692 3582 742 3640; x_wconf 86' lang='lat' dir='ltr'><strong>est</strong></span> <span class='ocrx_word' id='word_1_170' title='bbox 762 3576 876 3660; x_wconf 85' lang='lat' dir='ltr'><strong>igitur:</strong></span> <span class='ocrx_word' id='word_1_171' title='bbox 903 3584 1044 3642; x_wconf 71' lang='lat' dir='ltr'><strong>deraso</strong></span> <span class='ocrx_word' id='word_1_172' title='bbox 1063 3582 1171 3653; x_wconf 75' lang='lat' dir='ltr'><strong>flavio.</strong></span> 
     </span>
    </p>
   </div>
   <div class='ocr_carea' id='block_1_12' title="bbox 377 3712 1570 4078">
    <p class='ocr_par' dir='ltr' id='par_1_15' title="bbox 377 3712 1570 4078">
     <span class='ocr_line' id='line_1_24' title="bbox 377 3712 1397 3828; baseline -0.005 -37"><span class='ocrx_word' id='word_1_173' title='bbox 377 3724 441 3792; x_wconf 80' lang='grc'><strong>756</strong></span> <span class='ocrx_word' id='word_1_174' title='bbox 631 3716 884 3828; x_wconf 11' lang='lat' dir='ltr'><strong>rson=15‚43.</strong></span> <span class='ocrx_word' id='word_1_175' title='bbox 916 3715 986 3806; x_wconf 89' lang='lat' dir='ltr'><strong>(de</strong></span> <span class='ocrx_word' id='word_1_176' title='bbox 1012 3715 1181 3814; x_wconf 83' lang='lat' dir='ltr'><strong>robigine</strong></span> <span class='ocrx_word' id='word_1_177' title='bbox 1209 3719 1246 3789; x_wconf 90' lang='lat' dir='ltr'><strong>et</strong></span> <span class='ocrx_word' id='word_1_178' title='bbox 1264 3712 1397 3804; x_wconf 79' lang='lat' dir='ltr'><strong>terro).</strong></span> 
     </span>
     <span class='ocr_line' id='line_1_25' title="bbox 510 3843 1569 3951; baseline 0.001 -32"><span class='ocrx_word' id='word_1_179' title='bbox 510 3844 604 3921; x_wconf 87' lang='lat' dir='ltr'><strong>haec</strong></span> <span class='ocrx_word' id='word_1_180' title='bbox 630 3853 687 3920; x_wconf 88' lang='lat' dir='ltr'><strong>est</strong></span> <span class='ocrx_word' id='word_1_181' title='bbox 713 3845 810 3924; x_wconf 85' lang='lat' dir='ltr'><strong>ferro</strong></span> <span class='ocrx_word' id='word_1_182' title='bbox 836 3869 858 3921; x_wconf 89' lang='lat' dir='ltr'><strong>a</strong></span> <span class='ocrx_word' id='word_1_183' title='bbox 885 3844 1037 3924; x_wconf 87' lang='lat' dir='ltr'><strong>Graecis</strong></span> <span class='ocrx_word' id='word_1_184' title='bbox 1068 3843 1268 3944; x_wconf 88' lang='lat' dir='ltr'><strong>antipathia</strong></span> <span class='ocrx_word' id='word_1_185' title='bbox 1295 3844 1569 3951; x_wconf 68' lang='lat' dir='ltr'><strong>dictalcrunt</strong></span> 
     </span>
     <span class='ocr_line' id='line_1_26' title="bbox 403 3975 1570 4078; baseline 0.005 -32"><span class='ocrx_word' id='word_1_186' title='bbox 403 4042 406 4046; x_wconf 78' lang='grc'><strong><em>,</em></strong></span> <span class='ocrx_word' id='word_1_187' title='bbox 510 3977 658 4076; x_wconf 88' lang='lat' dir='ltr'><strong>quidam</strong></span> <span class='ocrx_word' id='word_1_188' title='bbox 696 3986 733 4053; x_wconf 88' lang='lat' dir='ltr'><strong>et</strong></span> <span class='ocrx_word' id='word_1_189' title='bbox 758 3975 940 4076; x_wconf 83' lang='lat' dir='ltr'><strong>religione</strong></span> <span class='ocrx_word' id='word_1_190' title='bbox 978 3979 1135 4078; x_wconf 87' lang='lat' dir='ltr'><strong>quadam</strong></span> <span class='ocrx_word' id='word_1_191' title='bbox 1168 3976 1207 4053; x_wconf 91' lang='lat' dir='ltr'><strong>id</strong></span> <span class='ocrx_word' id='word_1_192' title='bbox 1233 3975 1312 4052; x_wconf 88' lang='lat' dir='ltr'><strong>fieri</strong></span> <span class='ocrx_word' id='word_1_193' title='bbox 1356 3983 1393 4051; x_wconf 88' lang='lat' dir='ltr'><strong>et</strong></span> <span class='ocrx_word' id='word_1_194' title='bbox 1421 3983 1570 4054; x_wconf 84' lang='lat' dir='ltr'><strong>exstare</strong></span> 
     </span>
    </p>
   </div>
   <div class='ocr_carea' id='block_1_13' title="bbox 461 4109 1569 4803">
    <p class='ocr_par' dir='ltr' id='par_1_16' title="bbox 513 4109 956 4188">
     <span class='ocr_line' id='line_1_27' title="bbox 513 4109 956 4188; baseline 0.002 -2"><span class='ocrx_word' id='word_1_195' title='bbox 513 4109 671 4186; x_wconf 79' lang='lat' dir='ltr'><strong>terream</strong></span> <span class='ocrx_word' id='word_1_196' title='bbox 697 4119 865 4188; x_wconf 86' lang='lat' dir='ltr'><strong>catenam</strong></span> <span class='ocrx_word' id='word_1_197' title='bbox 890 4109 956 4187; x_wconf 87' lang='lat' dir='ltr'><strong>rel.</strong></span> 
     </span>
    </p>

    <p class='ocr_par' dir='ltr' id='par_1_17' title="bbox 461 4240 1569 4803">
     <span class='ocr_line' id='line_1_28' title="bbox 545 4240 1569 4328; baseline 0 -22"><span class='ocrx_word' id='word_1_198' title='bbox 545 4242 651 4317; x_wconf 81' lang='lat' dir='ltr'><strong>Quum</strong></span> <span class='ocrx_word' id='word_1_199' title='bbox 683 4244 848 4327; x_wconf 86' lang='lat' dir='ltr'><strong>proximus</strong></span> <span class='ocrx_word' id='word_1_200' title='bbox 877 4242 1008 4308; x_wconf 87' lang='lat' dir='ltr'><strong>inferior</strong></span> <span class='ocrx_word' id='word_1_201' title='bbox 1051 4262 1161 4307; x_wconf 83' lang='lat' dir='ltr'><strong>versus</strong></span> <span class='ocrx_word' id='word_1_202' title='bbox 1203 4240 1442 4328; x_wconf 85' lang='lat' dir='ltr'><strong>protarehetypi</strong></span> <span class='ocrx_word' id='word_1_203' title='bbox 1487 4263 1507 4306; x_wconf 90' lang='lat' dir='ltr'><strong>a</strong></span> <span class='ocrx_word' id='word_1_204' title='bbox 1541 4263 1569 4306; x_wconf 87' lang='lat' dir='ltr'><strong>v.</strong></span> 
     </span>
     <span class='ocr_line' id='line_1_29' title="bbox 461 4358 1568 4445; baseline 0.001 -22"><span class='ocrx_word' id='word_1_205' title='bbox 461 4364 562 4433; x_wconf 76' lang='lat' dir='ltr'><strong>seram</strong></span> <span class='ocrx_word' id='word_1_206' title='bbox 581 4360 753 4445; x_wconf 80' lang='lat' dir='ltr'><strong>inciperet,</strong></span> <span class='ocrx_word' id='word_1_207' title='bbox 779 4361 899 4425; x_wconf 83' lang='lat' dir='ltr'><strong>facturn</strong></span> <span class='ocrx_word' id='word_1_208' title='bbox 921 4366 971 4424; x_wconf 83' lang='lat' dir='ltr'><strong>est</strong></span> <span class='ocrx_word' id='word_1_209' title='bbox 997 4366 1033 4424; x_wconf 87' lang='lat' dir='ltr'><strong>ut</strong></span> <span class='ocrx_word' id='word_1_210' title='bbox 1054 4359 1086 4425; x_wconf 92' lang='lat' dir='ltr'><strong>in</strong></span> <span class='ocrx_word' id='word_1_211' title='bbox 1106 4360 1242 4444; x_wconf 87' lang='lat' dir='ltr'><strong>primunr</strong></span> <span class='ocrx_word' id='word_1_212' title='bbox 1260 4358 1432 4442; x_wconf 85' lang='lat' dir='ltr'><strong>superioris</strong></span> <span class='ocrx_word' id='word_1_213' title='bbox 1454 4380 1568 4424; x_wconf 83' lang='lat' dir='ltr'><strong>versus</strong></span> 
     </span>
     <span class='ocr_line' id='line_1_30' title="bbox 464 4475 1568 4561; baseline 0.004 -23"><span class='ocrx_word' id='word_1_214' title='bbox 464 4478 654 4542; x_wconf 86' lang='lat' dir='ltr'><strong>vocabulum</strong></span> <span class='ocrx_word' id='word_1_215' title='bbox 678 4477 812 4542; x_wconf 87' lang='lat' dir='ltr'><strong>eaedem</strong></span> <span class='ocrx_word' id='word_1_216' title='bbox 827 4477 954 4544; x_wconf 83' lang='lat' dir='ltr'><strong>litterae</strong></span> <span class='ocrx_word' id='word_1_217' title='bbox 974 4476 1153 4543; x_wconf 86' lang='lat' dir='ltr'><strong>transirent.</strong></span> <span class='ocrx_word' id='word_1_218' title='bbox 1196 4475 1309 4561; x_wconf 89' lang='lat' dir='ltr'><strong>Neque</strong></span> <span class='ocrx_word' id='word_1_219' title='bbox 1331 4476 1417 4540; x_wconf 88' lang='lat' dir='ltr'><strong>euim</strong></span> <span class='ocrx_word' id='word_1_220' title='bbox 1440 4498 1468 4542; x_wconf 89' lang='lat' dir='ltr'><strong>v.</strong></span> <span class='ocrx_word' id='word_1_221' title='bbox 1492 4483 1568 4542; x_wconf 81' lang='lat' dir='ltr'><strong>onti-</strong></span> 
     </span>
     <span class='ocr_line' id='line_1_31' title="bbox 462 4593 1567 4679; baseline 0.001 -21"><span class='ocrx_word' id='word_1_222' title='bbox 462 4600 569 4670; x_wconf 74' lang='lat' dir='ltr'><strong>parra</strong></span> <span class='ocrx_word' id='word_1_223' title='bbox 592 4615 666 4658; x_wconf 89' lang='lat' dir='ltr'><strong>curn</strong></span> <span class='ocrx_word' id='word_1_224' title='bbox 688 4595 795 4660; x_wconf 82' lang='lat' dir='ltr'><strong>dativo</strong></span> <span class='ocrx_word' id='word_1_225' title='bbox 823 4595 1028 4679; x_wconf 84' lang='lat' dir='ltr'><strong>coniungitur</strong></span> <span class='ocrx_word' id='word_1_226' title='bbox 1050 4601 1081 4658; x_wconf 90' lang='lat' dir='ltr'><strong>et</strong></span> <span class='ocrx_word' id='word_1_227' title='bbox 1109 4593 1367 4678; x_wconf 82' lang='lat' dir='ltr'><strong>frequentissima</strong></span> <span class='ocrx_word' id='word_1_228' title='bbox 1389 4601 1440 4658; x_wconf 86' lang='lat' dir='ltr'><strong>est</strong></span> <span class='ocrx_word' id='word_1_229' title='bbox 1462 4614 1567 4658; x_wconf 85' lang='lat' dir='ltr'><strong>rerum</strong></span> 
     </span>
     <span class='ocr_line' id='line_1_32' title="bbox 466 4709 1567 4803; baseline 0.003 -28"><span class='ocrx_word' id='word_1_230' title='bbox 466 4711 697 4803; x_wconf 77' lang='lat' dir='ltr'><strong>repugnantiae</strong></span> <span class='ocrx_word' id='word_1_231' title='bbox 720 4711 805 4796; x_wconf 90' lang='lat' dir='ltr'><strong>apud</strong></span> <span class='ocrx_word' id='word_1_232' title='bbox 827 4712 1014 4798; x_wconf 84' lang='lat' dir='ltr'><strong>scriptorem</strong></span> <span class='ocrx_word' id='word_1_233' title='bbox 1035 4717 1180 4778; x_wconf 84' lang='lat' dir='ltr'><strong>nostrum</strong></span> <span class='ocrx_word' id='word_1_234' title='bbox 1202 4711 1322 4776; x_wconf 87' lang='lat' dir='ltr'><strong>mentio</strong></span> <span class='ocrx_word' id='word_1_235' title='bbox 1377 4709 1426 4775; x_wconf 83' lang='lat' dir='ltr'><strong>of.</strong></span> <span class='ocrx_word' id='word_1_236' title='bbox 1443 4711 1516 4778; x_wconf 88' lang='lat' dir='ltr'><strong>XX.</strong></span> <span class='ocrx_word' id='word_1_237' title='bbox 1542 4717 1567 4789; x_wconf 81' lang='lat'><strong>1,</strong></span> 
     </span>
    </p>
   </div>
   <div class='ocr_carea' id='block_1_14' title="bbox 0 0 1854 5625">
    <p class='ocr_par' dir='ltr' id='par_1_18' title="bbox 0 0 1854 5625">
     <span class='ocr_line' id='line_1_33' title="bbox 0 0 1854 5625; baseline 0 0"><span class='ocrx_word' id='word_1_238' title='bbox 0 0 1854 5625; x_wconf 95' lang='lat' dir='ltr'><strong> </strong></span> 
     </span>
    </p>
   </div>
  </div>
 </body>
</html>
