3700 5625
468 703 521 772 ar
931 698 1021 781 rste
1041 720 1130 796 rm.

533 903 742 1005 dripertitos
767 936 946 992 venarum
972 937 1102 992 cursus
1121 915 1331 1026 bifidosque
1348 915 1510 996 habeant
1523 918 1577 996 vel

527 1040 676 1119 omniuo
703 1045 902 1146 simplices,
1513 1055 1515 1060 ’

561 1170 773 1260 Theophrast.
806 1179 845 1247 V.
880 1185 909 1247 l.
933 1183 968 1251 9:
1007 1179 1080 1249 ἔστι
1114 1183 1177 1272 γὰρ
1211 1179 1229 1269 ἢ
1259 1183 1334 1268 μὲν
1362 1184 1539 1269 τετραξόθς
1563 1185 1578 1271 ἦ

293 1387 297 1394 ῦ
410 1369 413 1374 .
477 1287 658 1372 δεδίξοος,
680 1269 817 1380 quocum
833 1303 993 1367 consentit
1014 1302 1106 1366 codd.
1128 1299 1192 1366 Td
1213 1301 1307 1366 lectio
1325 1307 1479 1386 bifidosve,
1500 1303 1579 1368 haud
1613 1375 1615 1385 ,

478 1405 575 1474 dubie
597 1413 791 1498 recipienda.
910 1506 914 1511 Ι
979 1449 985 1456 ·

394 1593 459 1667 aso
608 1688 615 1698 s
662 1608 732 1682 ror
822 1614 880 1700 so,
909 1617 967 1689 re.
995 1615 1079 1690 204.
1106 1616 1233 1688 205ss
1254 1616 1313 1701 ro,
1335 1617 1393 1710 re.

501 1773 506 1780 α
565 1748 740 1842 Utriusque
768 1758 829 1824 loci
857 1762 1070 1848 interpunctio
1100 1761 1286 1827 emendetur
1307 1768 1446 1846 oportet.
1492 1760 1533 1824 Et
1551 1759 1579 1823 in

488 1868 602 1936 altero'
616 1855 760 1960 quidem,
793 1880 825 1943 in
850 1902 912 1967 quo
945 1889 1071 1946 montes
1099 1881 1173 1945 Iura
1202 1888 1234 1946 ct
1261 1881 1410 1965 Vosegus
1440 1901 1461 1944 a
1483 1877 1581 1943 Gallia

479 1989 564 2053 male
585 1993 682 2079 vulgo
716 1996 1026 2084 distinguebantur,
1044 1997 1287 2084 coniungendae
1317 2005 1392 2062 sunt
1422 1981 1519 2064 ioces
1551 1996 1579 2058 in

483 2110 583 2171 Gallia
610 2097 734 2177 luridas
762 2138 800 2180 oc
826 2130 924 2182 monte
959 2125 1072 2195 Vorepo
1104 2116 1161 2198 lde
1189 2116 1303 2201 plurali
1336 2119 1421 2180 enim
1453 2133 1579 2180 numero

482 2229 568 2288 lares
580 2227 606 2292 I.
629 2251 658 2314 p.
673 2232 715 2324 37
736 2255 799 2298 non
823 2237 899 2300 satis
913 2238 1143 2320 circumspecte
1166 2232 1396 2316 dubitaveram,
1422 2254 1507 2320 quae
1528 2231 1577 2296 Ν.

482 2343 521 2407 lb
543 2346 640 2409 etiarn
663 2350 780 2416 codicis
804 2355 834 2417 Α
855 2356 1061 2436 auctoritate,
1089 2353 1147 2417 HI.
1171 2353 1210 2419 31
1241 2360 1273 2417 et
1294 2352 1323 2418 h.
1347 2353 1366 2418 l.
1390 2354 1582 2439 reliquorum,

479 2459 624 2527 codicum
658 2486 816 2534 consensu
845 2472 1062 2556 defenditur);
1084 2473 1117 2535 in
1140 2470 1239 2536 altero
1268 2469 1483 2555 Theophrasti
1497 2467 1579 2533 locus

477 2576 563 2642 unde
583 2580 706 2647 Plinius
730 2607 789 2650 sua
810 2592 946 2674 sumpsit
967 2591 1006 2655 V.
1029 2592 1058 2658 3.
1082 2594 1098 2656 l
1123 2588 1163 2653 ad
1185 2573 1416 2652 restituendam
1439 2588 1578 2653 codicum

477 2693 648 2762 lectionem
670 2709 756 2768 reote
779 2691 922 2771 adhiberi
943 2707 1078 2791 uidetur.
1122 2707 1212 2781 Quae
1236 2706 1319 2770 enim
1338 2705 1424 2790 apud
1445 2705 1578 2770 Plinium

478 2809 643 2897 leguntur:
1164 2816 1170 2825 ”

395 2945 458 3017 290
505 2949 742 3035 „Celebratur
775 2966 810 3034 et
837 2960 1026 3057 Theriples
1060 2961 1207 3038 nomine
1240 2959 1376 3036 calices
1410 2985 1456 3036 cx
1495 2968 1580 3036 lere·
1648 2962 1649 3039 f

527 3085 657 3165 blntho
697 3090 985 3191 solitusllacere
1019 3101 1145 3171 torno:
1192 3104 1369 3193 perquam
1410 3093 1580 3193 probatur

527 3222 698 3299 materies

479 3350 544 3426 (ita
566 3353 651 3417 enim
673 3355 782 3434 codd,
810 3368 984 3423 nonturno
1010 3377 1067 3436 per
1101 3352 1185 3436 quem
1218 3356 1349 3453 quode
1372 3357 1504 3442 vulgata
1524 3356 1578 3417 lec-

477 3468 564 3531 tione
589 3469 621 3533 S.
644 3474 802 3556 servavit)
826 3495 896 3538 cnm
920 3474 1160 3559 Theophrasto,
1191 3475 1244 3560 qui
1279 3495 1350 3539 cum
1374 3475 1419 3539 ait
1449 3469 1578 3561 τορνεύ-

477 3585 583 3652 εσθαι
604 3588 642 3653 δὲ
664 3586 701 3666 ἕξ
722 3588 916 3657 αὐτῶνκαὶ
937 3592 1071 3668 κύλικας
1092 3594 1318 3678 θηρικλείους,
1348 3590 1435 3656 ὥστε
1456 3591 1576 3675 μηδένα

476 3701 519 3768 dv
546 3704 728 3786 διαγνῶναι
761 3708 845 3791 πρὸς
872 3710 930 3785 τὰς
963 3714 1144 3797 κεραμέας,
1175 3711 1279 3795 ipsam
1307 3708 1490 3789 materiem,
1516 3724 1574 3770 non

475 3819 629 3886 artificem
650 3822 777 3906 laudat,
806 3832 871 3888 tam
900 3828 1030 3911 egregie
1059 3828 1258 3913 conspirant,
1292 3830 1328 3889 rit
1349 3825 1428 3889 nihil
1450 3825 1573 3889 omnino

475 3936 660 4003 offensionis
674 3948 839 4005 remaneat
857 3964 961 4028 neque
983 3943 1062 4007 Iano
1074 3944 1312 4009 assentiendum
1335 3962 1408 4007 esse
1422 3942 1574 4018 videatur,

452 4046 529 4137 'qui
551 4074 590 4117 ea
611 4076 694 4140 quae
715 4058 837 4122 Plinius
859 4067 895 4123 ut
916 4083 945 4124 v.
967 4033 1190 4148 κορκεύεσθαι
1219 4062 1484 4145 interpretaretur
1506 4078 1574 4122 con·

474 4170 578 4234 iunxit
598 4180 672 4256 post
693 4197 720 4239 v.
744 4177 869 4257 ,focere‘
891 4177 1147 4263 interpungendo
1170 4177 1301 4242 divellit.
1346 4175 1468 4241 Contra
1494 4175 1574 4239 idem

476 4288 611 4372 scriptor
633 4290 671 4354 V.
693 4295 722 4354 2.
745 4293 763 4356 1
793 4292 852 4375 cla
875 4292 1062 4379 αἰνιανικὴν
1084 4268 1223 4359 abietem
1246 4314 1317 4357 oum
1340 4298 1574 4370 commemoret,

474 4411 562 4468 recte
595 4426 615 4469 a
645 4406 788 4471 Barbare
820 4410 848 4491 ξ.
878 4410 934 4476 197
957 4418 1123 4475 Αιηὶαηίοα
1151 4433 1214 4476 non
1238 4418 1399 4475 Aeneaden
1427 4412 1573 4495 scriptum

475 4541 547 4586 esse
570 4523 715 4605 efficitur,
737 4525 813 4589 item
834 4526 903 4590 loco
926 4529 964 4591 V.
987 4528 1054 4595 3.1
1079 4528 1286 4594 certissimam
1310 4529 1459 4593 Salmasii
1476 4548 1573 4591 emen·

475 4638 637 4704 dationem
660 4642 687 4724 §.
710 4642 771 4709 204
791 4649 971 4723 spississima
983 4652 1059 4711 lotos
1087 4654 1238 4729 (scissr‘ma
1260 4654 1335 4711 lotos
1359 4646 1397 4731 a)
1421 4647 1573 4711 immerito
