3700 5625
723 563 824 634 laidet·
845 561 909 635 71.
1310 567 1372 636 llll

261 751 383 838 copula
402 760 435 818 ct
457 773 476 818 c
498 749 704 838 reduplicatu
731 753 839 841 prima
861 755 1038 840 proximae
1062 756 1156 823 vocis
1178 753 1311 842 syllaba
1331 777 1372 822 uc

260 883 334 937 orta
357 883 459 959 atque
481 871 666 938 scribaturz
850 921 855 932 .

660 987 810 1058 Orcheni
828 989 969 1058 accolae.

673 1159 746 1236 131
764 1197 801 1230 ε
813 1158 962 1270 ibidem.
1388 1181 1451 1248 133

309 1296 500 1399 Oppidum
519 1294 601 1373 eius
614 1296 808 1396 natiuae,
830 1307 868 1374 at
881 1297 1046 1400 iungitur
1061 1299 1266 1378 Chalonitia
1286 1326 1368 1378 cum

309 1433 554 1534 Ctesiphonte
577 1443 639 1510 rel.

341 1571 391 1634 lta
411 1590 431 1636 e
448 1569 618 1662 codd'ld,
639 1572 837 1659 quibuscum
857 1572 1027 1670 consentit
1046 1569 1148 1643 lectio
1169 1572 1245 1638 libri
1260 1573 1293 1640 R
1309 1572 1369 1637 da·

261 1686 305 1751 bit
325 1687 420 1770 baec,
449 1689 551 1755 edidit
577 1689 736 1778 Silligius,
763 1713 862 1780 quarn
890 1701 989 1756 antea
1017 1680 1188 1776 legeretur
1214 1690 1370 1758 Dibitacb

260 1807 413 1898 benepltnr.
467 1808 618 1876 Eandem
646 1812 764 1876 urbem
794 1810 1008 1877 Ptolemaeus
1031 1807 1072 1875 V.
1096 1807 1144 1875 18.
1160 1806 1194 1878 9.
1224 1806 1370 1897 Δόρβητα

261 1925 420 2012 appellate
442 1941 587 2014 apparet
607 1931 707 2016 igitur
722 1929 919 1998 familiarem
929 1929 1097 1996 Semiticls
1115 1926 1236 2014 linguis
1254 1930 1369 1994 termi-

260 2046 423 2112 nationem
444 2068 477 2125 a,
498 2064 585 2134 quac
606 2048 836 2116 Hebraeorum
853 2059 884 2130 ῃ
905 2048 1107 2133 respondet,
1135 2046 1213 2118 bulo
1233 2067 1368 2132 quoque

260 2165 379 2250 oppido
402 2167 610 2234 reddendam
631 2187 721 2252 osec,
743 2176 776 2234 et
796 2143 908 2236 demin
929 2165 1052 2251 copula
1071 2185 1160 2252 quoa
1178 2165 1301 2233 eodem
1322 2168 1369 2232 vi·

263 2281 306 2348 tio
317 2283 345 2350 ei
355 2284 602 2373 accrevitquod
614 2286 767 2372 proxime
778 2285 1074 2372 deprehendimus,
1085 2283 1368 2370 legendumeaaea

662 2439 706 2456 -
723 2403 884 2486 Dabitha,
906 2413 948 2472 ct

664 2571 956 2651 134=ibidem
1128 2565 1134 2576 ⁴
1342 2570 1357 2585 ”
1385 2609 1447 2678 134

312 2753 358 2766 —
385 2733 502 2813 supra
521 2707 718 2787 Cossiaeos
743 2712 790 2786 ud
811 2711 1104 2817 septentrionem
1124 2709 1366 2789 Mesabatcne

310 2848 374 2925 sub
396 2857 523 2925 monte
537 2848 750 2929 Cambolido
773 2848 837 2951 qui
866 2860 925 2929 est
940 2850 1098 2931 Caucasi
1122 2876 1262 2945 ramus,
1281 2848 1366 2925 indo

310 2983 522 3061 mollissimo
544 2993 667 3063 tractu
694 2984 732 3063 in
757 2986 968 3066 Bactros.

339 3128 539 3203 Raetinium
560 3136 592 3201 in
607 3136 675 3206 hoo
695 3150 806 3207 tractu
820 3141 1022 3207 mentionem
1041 3136 1115 3205 lieri
1126 3160 1197 3205 aon
1213 3140 1367 3225 patuisse

265 3252 469 3321 mandentum
491 3266 561 3342 est,
585 3258 709 3343 quippo
733 3260 788 3347 qui
815 3278 939 3347 magno
959 3257 1135 3327 intervallo
1155 3270 1366 3345 ceparantnr.

242 3344 378 3441 dictos
400 3376 656 3443 accuratissime
680 3378 832 3459 dixisset,
854 3356 954 3469 quum
976 3378 1145 3448 Strabone
1167 3388 1255 3445 teate
1274 3378 1365 3447 xvt

265 3511 294 3573 p.
305 3492 372 3558 744.
393 3512 412 3557 e
433 3492 550 3560 Media
571 3508 605 3563 et
627 3496 728 3582 Zagri
751 3499 872 3567 montis
892 3499 1017 3569 vicinia
1037 3498 1215 3567 facillimae
1233 3500 1269 3565 in
1283 3499 1364 3585 Ely-

265 3610 395 3679 maidcm
424 3614 537 3679 aditus
564 3632 627 3700 per
647 3614 892 3685 Mesebntenen
913 3629 1039 3703 petent.
1090 3620 1161 3686 Sed
1179 3620 1367 3686 menineri-

264 3748 328 3796 mus
357 3733 533 3799 transitum
564 3734 606 3799 nd
631 3734 817 3819 'superiora
843 3737 1041 3808 Parthorum
1078 3758 1187 3823 regna
1220 3740 1367 3822 daedalei

265 3848 316 3932 (cl.
330 3850 402 3921 tlt.
418 3863 451 3948 et
469 3848 561 3937 llll),
582 3852 826 3925 Meaabatcnen
848 3866 959 3923 autem
979 3876 1001 3921 a
1023 3852 1215 3922 Ptolemaeo
1230 3856 1364 3923 vttss.

265 3966 504 4039 Paraetaceuea
517 3988 604 4057 quae
616 3964 950 4067 Mediam-adiacent,
971 3996 993 4041 u
1014 3975 1365 4061 septentrione'callo.

264 4090 335 4169 cari,
358 4090 467 4158 Plinio
489 4103 600 4159 autem
622 4102 760 4163 auctore
781 4091 1365 4174 1.1.Paraeaoe‘nostntart³nthoe

265 4216 294 4270 et
310 4208 454 4277 Arianos
474 4230 678 4278 excurrere:
700 4222 800 4299 atque
823 4214 876 4278 sic
887 4213 1114 4300 tatdttganrs
1131 4212 1165 4284 b.
1178 4215 1198 4280 l.
1221 4238 1285 4301 pra
1298 4218 1365 4283 Bo·

265 4332 339 4390 ctroo
361 4330 594 4415 reponendum
616 4350 695 4399 essa
721 4330 917 4400 simillimum
938 4336 1156 4402 vocabulum:
1184 4336 1364 4402 Partltoe.

264 4438 442 4532 Hedppaon
464 4464 543 4515 cum
566 4449 719 4517 Pintiauo
748 4470 768 4517 e
791 4450 901 4517 Strab.
923 4454 946 4518 l.
961 4452 983 4520 l.
1009 4455 1046 4520 in
1069 4453 1268 4544 Hedyphon
1293 4476 1365 4521 mut

265 4564 383 4631 uncum
407 4577 471 4634 est.
1285 4598 1299 4615 ..
