3700 5625
482 723 546 794 118
926 723 1019 786 itaer
1042 721 1153 784 XXII.

564 920 680 986 Nonne
701 934 813 986 omnes
834 916 963 982 dolores
984 915 1027 981 ad
1048 935 1164 1002 corpas
1186 913 1368 1002 portinent?
1395 911 1575 990 Scilicetjta

482 1046 520 1106 nt
539 1056 606 1104 nan
625 1043 749 1104 odorem
780 1035 894 1121 optimi
913 1034 987 1100 libri
1008 1032 1067 1098 ssd
1098 1033 1238 1098 dotorem
1259 1051 1277 1096 s
1305 1031 1458 1117 proximis
1482 1032 1574 1098 sorbis

483 1156 567 1221 mals
588 1155 760 1242 repetitam
782 1153 946 1234 abibant,
967 1152 1013 1216 sio
1035 1174 1068 1222 r2
1088 1157 1227 1230 minorat
1247 1150 1297 1215 bis
1315 1156 1491 1235 posuerant
1504 1169 1575 1236 qnae

483 1273 590 1359 priore
600 1272 672 1338 loeo
687 1269 917 1340 eDiosooridis
938 1270 1010 1336 looo
1025 1269 1067 1334 11.
1080 1269 1142 1337 199
1151 1267 1348 1332 inaurium
1362 1266 1514 1332 mnmnda
1526 1275 1576 1332 ost.

402 1437 465 1506 482
648 1450 696 1523 76
721 1469 764 1503 =
789 1448 909 1535 2234.
948 1436 1016 1536 (de
1043 1440 1200 1519 acantho
1226 1439 1423 1540 loquitur).

536 1575 653 1655 Huius
678 1577 825 1653 radices
853 1636 860 1652 .
889 1633 898 1652 .
926 1573 1105 1676 podagris
1143 1596 1292 1674 quoque
1318 1570 1506 1650 illinuntur
1527 1571 1579 1650 tri·

535 1718 595 1787 tae
608 1718 655 1786 'et
681 1706 884 1787 calefactae
911 1705 1054 1785 calidis.

569 1841 691 1910 Calidis
712 1842 769 1929 qui
789 1841 920 1909 morbus
942 1839 1148 1926 significatur,
1169 1857 1263 1904 nomo
1275 1857 1334 1904 nos
1348 1835 1467 1918 docuit,
1488 1853 1579 1920 nsque

488 1967 600 2026 contra
631 1959 898 2053 inflammationes
941 1957 1098 2025 calefacta
1125 1957 1336 2042 emplasmata
1362 1953 1506 2020 athiberi
1530 1973 1579 2037 pn-

488 2076 632 2144 taverim.
655 2077 762 2152 Quare
783 2075 890 2162 potius
913 2076 1092 2142 eiciendum
1114 2073 1194 2140 illud
1215 2074 1287 2138 esse
1308 2072 1497 2138 vocabulum
1517 2091 1579 2136 oon-

488 2215 544 2260 seo
566 2214 661 2282 quarn
682 2194 715 2258 in
737 2198 861 2258 calculis
872 2193 1072 2275 mutandum,
1093 2213 1169 2257 nam
1191 2191 1321 2256 calculis
1341 2188 1486 2256 remedia
1504 2190 1580 2253 intus
1645 2179 1646 2236 3

487 2317 565 2398 pota
583 2317 717 2399 prosunt
738 2311 843 2396 potius
866 2331 963 2396 quam
984 2310 1144 2396 imposita.
1645 2295 1646 2302 ἵ

405 2512 468 2579 483
675 2499 679 2507 ’
929 2513 1160 2600 78:2236.

539 2639 747 2742 Buprestim
775 2662 910 2743 magna
935 2641 1183 2721 inconstantia
1211 2639 1403 2719 Graeci..
1431 2638 1582 2719 remedia

537 2782 728 2876 tamqnam
749 2782 877 2854 contra
904 2799 1087 2853 venenum
1115 2771 1374 2877 prodiderunt,
1413 2782 1451 2852 et
1473 2773 1582 2874 ipsun

538 2918 673 2987 nomen
700 2908 837 2988 indicio
866 2914 923 2985 est
950 2908 1060 2989 boum
1087 2918 1188 2987 certe
1216 2931 1397 2986 venenum
1425 2930 1518 2985 esse.

570 3040 793 3107 inconstantia
814 3040 1010 3108 Graecorum
1038 3062 1076 3107 eo
1098 3042 1242 3128 proditur
1273 3039 1359 3129 quod
1381 3056 1503 3105 veneno
1531 3036 1583 3101 bu·

488 3158 588 3244 presti
617 3163 728 3223 contra
759 3179 917 3225 venenum
945 3166 1087 3225 utuntur.
1150 3160 1250 3246 Atqui
1281 3178 1440 3223 venenum
1472 3174 1539 3221 ossa
1568 3173 1583 3216 a

488 3276 620 3360 vulgata
639 3275 777 3342 lectione
800 3298 865 3341 non
886 3277 1007 3359 elucet,
1029 3297 1093 3364 qua
1113 3262 1258 3345 correcta
1278 3276 1431 3341 restituo:

530 3397 606 3456 etsi
625 3397 722 3473 ipsam
744 3414 852 3458 nomen
874 3401 936 3461 sto.
978 3420 995 3441 ¹

360 3522 472 3653 ‘a
907 3582 1231 3670 a=an‘

494 3745 498 3751 ·
538 3708 586 3787 Et
610 3711 752 3790 iasione
779 3770 788 3788 .
816 3769 825 3789 .
853 3771 862 3789 .
888 3710 1017 3790 liorem
1044 3712 1114 3789 sert
1141 3702 1362 3799 candidum,
1402 3706 1583 3788 concilium

540 3850 688 3920 vocant.

574 3973 723 4039 Plantam
744 3980 860 4040 tasiaen
881 3979 988 4063 potius
999 3974 1156 4040 nominari
1178 3994 1250 4038 cum
1273 3970 1431 4039 Salmatia
1453 3948 1583 4051 arbitror,

492 4108 589 4175 quum
615 4090 721 4156 littera
750 4114 786 4176 o,
816 4113 912 4181 quam
950 4112 1028 4159 sano
1056 4087 1155 4156 habet
1181 4082 1420 4177 Theophrastus
1449 4091 1474 4155 Ι.
1496 4090 1541 4157 13.
1559 4087 1583 4169 3,

491 4207 628 4291 oauspl.
638 4209 679 4272 II.
694 4208 743 4287 18,
763 4210 882 4297 ubique
893 4212 926 4274 in
940 4210 1036 4275 Plinii
1048 4208 1138 4273 libris
1152 4207 1245 4291 desit,
1262 4206 1372 4273 floram
1387 4203 1583 4273 confidentius

492 4320 616 4386 Graece
638 4330 880 4405 conchylium
902 4327 1045 4413 appollo,
1071 4326 1093 4390 i:
1115 4347 1142 4390 e.
1164 4345 1296 4411 passm
1317 4324 1488 4408 concham,
1521 4340 1582 4387 nant

491 4445 657 4521 conwlium
681 4440 713 4504 in
734 4440 807 4506 RV
828 4441 954 4529 legitur.
999 4444 1028 4528 §.
1050 4442 1091 4510 83
1113 4443 1242 4508 omnino
1265 4462 1306 4507 ax
1331 4434 1448 4507 iisdem
1469 4436 1581 4527 opimis

491 4553 586 4623 codd.
607 4558 839 4624 restituendum
861 4565 911 4623 est
940 4561 1195 4625 acommodata
1223 4561 1256 4623 in
1284 4528 1389 4623 locant
1423 4558 1491 4625 sius
1511 4550 1582 4643 qnod

492 4674 588 4761 vulgo
610 4676 727 4761 legitur
747 4681 980 4741 commendatas.
