<?xml version="1.0" encoding="UTF-8"?>
<!DOCTYPE html PUBLIC "-//W3C//DTD XHTML 1.0 Transitional//EN"
    "http://www.w3.org/TR/xhtml1/DTD/xhtml1-transitional.dtd">
<html xmlns="http://www.w3.org/1999/xhtml" xml:lang="en" lang="en">
 <head>
  <title>
</title>
<meta http-equiv="Content-Type" content="text/html;charset=utf-8" />
  <meta name='ocr-system' content='tesseract 3.04.00' />
  <meta name='ocr-capabilities' content='ocr_page ocr_carea ocr_par ocr_line ocrx_word'/>
</head>
<body>
  <div class='ocr_page' id='page_1' title='image "./vindiciaeplinia01urligoog_0423.png"; bbox 0 0 3700 5625; ppageno 0'>
   <div class='ocr_carea' id='block_1_1' title="bbox 718 728 1474 807">
    <p class='ocr_par' dir='ltr' id='par_1_1' title="bbox 718 728 1474 807">
     <span class='ocr_line' id='line_1_1' title="bbox 718 728 1474 807; baseline 0.005 -14"><span class='ocrx_word' id='word_1_1' title='bbox 718 730 983 807; x_wconf 60' lang='lat' dir='ltr'>titasfflrt&#39;.</span> <span class='ocrx_word' id='word_1_2' title='bbox 1337 728 1399 797; x_wconf 82' lang='grc'>217</span> <span class='ocrx_word' id='word_1_3' title='bbox 1471 757 1474 765; x_wconf 71' lang='grc'><em>“</em></span> 
     </span>
    </p>
   </div>
   <div class='ocr_carea' id='block_1_2' title="bbox 291 924 1491 2181">
    <p class='ocr_par' dir='ltr' id='par_1_2' title="bbox 291 924 1491 2067">
     <span class='ocr_line' id='line_1_2' title="bbox 294 924 1399 1011; baseline 0.001 -21"><span class='ocrx_word' id='word_1_4' title='bbox 294 924 352 991; x_wconf 82' lang='lat' dir='ltr'>sed</span> <span class='ocrx_word' id='word_1_5' title='bbox 374 931 662 1007; x_wconf 67' lang='lat' dir='ltr'>commentarium,</span> <span class='ocrx_word' id='word_1_6' title='bbox 695 925 782 1011; x_wconf 89' lang='lat' dir='ltr'>quod</span> <span class='ocrx_word' id='word_1_7' title='bbox 802 926 835 991; x_wconf 91' lang='lat' dir='ltr'>in</span> <span class='ocrx_word' id='word_1_8' title='bbox 857 926 886 990; x_wconf 93' lang='lat' dir='ltr'>B</span> <span class='ocrx_word' id='word_1_9' title='bbox 908 932 1027 1008; x_wconf 83' lang='lat' dir='ltr'>exstet,</span> <span class='ocrx_word' id='word_1_10' title='bbox 1050 926 1092 990; x_wconf 86' lang='lat' dir='ltr'>ed</span> <span class='ocrx_word' id='word_1_11' title='bbox 1112 948 1140 994; x_wconf 85' lang='lat' dir='ltr'>v.</span> <span class='ocrx_word' id='word_1_12' title='bbox 1164 930 1275 990; x_wconf 75' lang='lat' dir='ltr'>libellos</span> <span class='ocrx_word' id='word_1_13' title='bbox 1295 932 1399 991; x_wconf 82' lang='lat' dir='ltr'>trans·</span> 
     </span>
     <span class='ocr_line' id='line_1_3' title="bbox 293 1043 1399 1129; baseline 0.001 -23"><span class='ocrx_word' id='word_1_14' title='bbox 293 1043 461 1108; x_wconf 79' lang='lat' dir='ltr'>ferendum</span> <span class='ocrx_word' id='word_1_15' title='bbox 482 1049 550 1123; x_wconf 85' lang='lat' dir='ltr'>est,</span> <span class='ocrx_word' id='word_1_16' title='bbox 581 1051 617 1107; x_wconf 88' lang='lat' dir='ltr'>ut</span> <span class='ocrx_word' id='word_1_17' title='bbox 637 1043 754 1107; x_wconf 88' lang='lat' dir='ltr'>mediei</span> <span class='ocrx_word' id='word_1_18' title='bbox 781 1045 849 1109; x_wconf 88' lang='lat' dir='ltr'>sive</span> <span class='ocrx_word' id='word_1_19' title='bbox 870 1045 984 1109; x_wconf 82' lang='lat' dir='ltr'>libellis</span> <span class='ocrx_word' id='word_1_20' title='bbox 1023 1050 1187 1109; x_wconf 77' lang='lat' dir='ltr'>suetorum</span> <span class='ocrx_word' id='word_1_21' title='bbox 1210 1044 1277 1108; x_wconf 82' lang='lat' dir='ltr'>sive</span> <span class='ocrx_word' id='word_1_22' title='bbox 1306 1064 1399 1129; x_wconf 82' lang='lat' dir='ltr'>pree-</span> 
     </span>
     <span class='ocr_line' id='line_1_4' title="bbox 292 1160 1399 1247; baseline 0 -22"><span class='ocrx_word' id='word_1_23' title='bbox 292 1162 395 1246; x_wconf 87' lang='lat' dir='ltr'>oeptis</span> <span class='ocrx_word' id='word_1_24' title='bbox 417 1160 504 1225; x_wconf 80' lang='lat' dir='ltr'>nullu</span> <span class='ocrx_word' id='word_1_25' title='bbox 516 1166 584 1224; x_wconf 82' lang='lat' dir='ltr'>arte</span> <span class='ocrx_word' id='word_1_26' title='bbox 595 1160 750 1243; x_wconf 70' lang='lat' dir='ltr'>collectis,</span> <span class='ocrx_word' id='word_1_27' title='bbox 771 1160 975 1247; x_wconf 81' lang='lat' dir='ltr'>qualieupud</span> <span class='ocrx_word' id='word_1_28' title='bbox 987 1161 1192 1240; x_wconf 60' lang='lat' dir='ltr'>Marcellum:</span> <span class='ocrx_word' id='word_1_29' title='bbox 1207 1160 1399 1245; x_wconf 86' lang='lat' dir='ltr'>Oribasium,</span> 
     </span>
     <span class='ocr_line' id='line_1_5' title="bbox 293 1277 1401 1364; baseline 0.001 -22"><span class='ocrx_word' id='word_1_30' title='bbox 293 1279 375 1342; x_wconf 81' lang='lat' dir='ltr'>alios</span> <span class='ocrx_word' id='word_1_31' title='bbox 397 1277 556 1364; x_wconf 86' lang='lat' dir='ltr'>permulta</span> <span class='ocrx_word' id='word_1_32' title='bbox 577 1279 788 1363; x_wconf 83' lang='lat' dir='ltr'>reperiuntur,</span> <span class='ocrx_word' id='word_1_33' title='bbox 821 1279 869 1342; x_wconf 91' lang='lat' dir='ltr'>uti</span> <span class='ocrx_word' id='word_1_34' title='bbox 890 1278 1045 1343; x_wconf 87' lang='lat' dir='ltr'>dieantur.</span> <span class='ocrx_word' id='word_1_35' title='bbox 1087 1278 1200 1364; x_wconf 84' lang='lat' dir='ltr'>Neque</span> <span class='ocrx_word' id='word_1_36' title='bbox 1222 1300 1260 1341; x_wconf 79' lang='lat' dir='ltr'>ex</span> <span class='ocrx_word' id='word_1_37' title='bbox 1282 1286 1320 1343; x_wconf 81' lang='lat' dir='ltr'>lis</span> <span class='ocrx_word' id='word_1_38' title='bbox 1343 1278 1401 1364; x_wconf 81' lang='lat' dir='ltr'>(ex</span> 
     </span>
     <span class='ocr_line' id='line_1_6' title="bbox 291 1395 1401 1481; baseline 0.002 -22"><span class='ocrx_word' id='word_1_39' title='bbox 291 1404 318 1459; x_wconf 80' lang='lat' dir='ltr'>ir</span> <span class='ocrx_word' id='word_1_40' title='bbox 339 1396 402 1467; x_wconf 71' lang='lat'><em>13¹)</em></span> <span class='ocrx_word' id='word_1_41' title='bbox 438 1403 470 1459; x_wconf 88' lang='lat' dir='ltr'>et</span> <span class='ocrx_word' id='word_1_42' title='bbox 491 1400 628 1474; x_wconf 80' lang='lat' dir='ltr'>expediri</span> <span class='ocrx_word' id='word_1_43' title='bbox 656 1395 742 1481; x_wconf 90' lang='lat' dir='ltr'>quod</span> <span class='ocrx_word' id='word_1_44' title='bbox 769 1396 802 1458; x_wconf 93' lang='lat' dir='ltr'>in</span> <span class='ocrx_word' id='word_1_45' title='bbox 831 1396 978 1459; x_wconf 90' lang='lat' dir='ltr'>omnibus</span> <span class='ocrx_word' id='word_1_46' title='bbox 1008 1396 1095 1459; x_wconf 91' lang='lat' dir='ltr'>libris</span> <span class='ocrx_word' id='word_1_47' title='bbox 1118 1396 1209 1461; x_wconf 85' lang='lat' dir='ltr'><strong>MSS.</strong></span> <span class='ocrx_word' id='word_1_48' title='bbox 1244 1397 1401 1481; x_wconf 85' lang='lat' dir='ltr'>reperitur</span> 
     </span>
     <span class='ocr_line' id='line_1_7' title="bbox 292 1512 1401 1579; baseline 0 -2"><span class='ocrx_word' id='word_1_49' title='bbox 292 1520 344 1577; x_wconf 87' lang='lat' dir='ltr'>est</span> <span class='ocrx_word' id='word_1_50' title='bbox 367 1534 424 1577; x_wconf 88' lang='lat' dir='ltr'>eur</span> <span class='ocrx_word' id='word_1_51' title='bbox 450 1521 574 1576; x_wconf 86' lang='lat' dir='ltr'>mutare</span> <span class='ocrx_word' id='word_1_52' title='bbox 597 1533 757 1576; x_wconf 80' lang='lat' dir='ltr'>conemur.</span> <span class='ocrx_word' id='word_1_53' title='bbox 802 1512 945 1577; x_wconf 88' lang='lat' dir='ltr'>Medioos</span> <span class='ocrx_word' id='word_1_54' title='bbox 968 1514 1051 1576; x_wconf 91' lang='lat' dir='ltr'>enim</span> <span class='ocrx_word' id='word_1_55' title='bbox 1089 1534 1124 1579; x_wconf 88' lang='lat' dir='ltr'>se</span> <span class='ocrx_word' id='word_1_56' title='bbox 1160 1534 1199 1577; x_wconf 84' lang='lat' dir='ltr'>ex</span> <span class='ocrx_word' id='word_1_57' title='bbox 1239 1514 1401 1577; x_wconf 87' lang='lat' dir='ltr'>aerumnis</span> 
     </span>
     <span class='ocr_line' id='line_1_8' title="bbox 294 1614 1491 1717; baseline 0.001 -23"><span class='ocrx_word' id='word_1_58' title='bbox 294 1632 444 1717; x_wconf 81' lang='lat' dir='ltr'>curisque</span> <span class='ocrx_word' id='word_1_59' title='bbox 468 1630 619 1712; x_wconf 86' lang='lat' dir='ltr'>expedire</span> <span class='ocrx_word' id='word_1_60' title='bbox 641 1637 843 1715; x_wconf 81' lang='lat' dir='ltr'>aegrotorum</span> <span class='ocrx_word' id='word_1_61' title='bbox 874 1630 1036 1715; x_wconf 88' lang='lat' dir='ltr'>impendio</span> <span class='ocrx_word' id='word_1_62' title='bbox 1057 1630 1179 1695; x_wconf 78' lang='lat' dir='ltr'>Plinius</span> <span class='ocrx_word' id='word_1_63' title='bbox 1206 1624 1417 1717; x_wconf 55' lang='lat' dir='ltr'>indignatur(</span> <span class='ocrx_word' id='word_1_64' title='bbox 1480 1614 1491 1626; x_wconf 52' lang='lat'>¹</span> 
     </span>
     <span class='ocr_line' id='line_1_9' title="bbox 292 1730 1400 1834; baseline 0.001 -22"><span class='ocrx_word' id='word_1_65' title='bbox 292 1748 443 1834; x_wconf 90' lang='lat' dir='ltr'>Denique</span> <span class='ocrx_word' id='word_1_66' title='bbox 465 1768 547 1833; x_wconf 84' lang='lat' dir='ltr'>quae</span> <span class='ocrx_word' id='word_1_67' title='bbox 578 1768 597 1810; x_wconf 82' lang='lat' dir='ltr'>a</span> <span class='ocrx_word' id='word_1_68' title='bbox 619 1746 721 1832; x_wconf 83' lang='lat' dir='ltr'>prima</span> <span class='ocrx_word' id='word_1_69' title='bbox 750 1768 847 1811; x_wconf 82' lang='lat' dir='ltr'>manu</span> <span class='ocrx_word' id='word_1_70' title='bbox 868 1750 894 1811; x_wconf 91' lang='lat' dir='ltr'><strong>B</strong></span> <span class='ocrx_word' id='word_1_71' title='bbox 917 1768 995 1811; x_wconf 82' lang='lat' dir='ltr'>saue</span> <span class='ocrx_word' id='word_1_72' title='bbox 1023 1730 1171 1833; x_wconf 81' lang='lat' dir='ltr'>corrupta</span> <span class='ocrx_word' id='word_1_73' title='bbox 1193 1748 1323 1812; x_wconf 83' lang='lat' dir='ltr'>exhibet</span> <span class='ocrx_word' id='word_1_74' title='bbox 1343 1755 1400 1813; x_wconf 80' lang='lat' dir='ltr'>sic·</span> 
     </span>
     <span class='ocr_line' id='line_1_10' title="bbox 291 1864 1403 1965; baseline -0.002 -34"><span class='ocrx_word' id='word_1_75' title='bbox 291 1876 492 1945; x_wconf 70' lang='lat' dir='ltr'>conaretur-et,</span> <span class='ocrx_word' id='word_1_76' title='bbox 514 1864 588 1928; x_wconf 90' lang='lat' dir='ltr'>inde</span> <span class='ocrx_word' id='word_1_77' title='bbox 610 1864 697 1928; x_wconf 90' lang='lat' dir='ltr'>nullo</span> <span class='ocrx_word' id='word_1_78' title='bbox 720 1866 848 1951; x_wconf 83' lang='lat' dir='ltr'>negotio</span> <span class='ocrx_word' id='word_1_79' title='bbox 871 1864 955 1929; x_wconf 87' lang='lat' dir='ltr'>effioi</span> <span class='ocrx_word' id='word_1_80' title='bbox 977 1871 1109 1965; x_wconf 68' lang='lat' dir='ltr'>apparel</span> <span class='ocrx_word' id='word_1_81' title='bbox 1131 1872 1175 1930; x_wconf 81' lang='lat' dir='ltr'>ric</span> <span class='ocrx_word' id='word_1_82' title='bbox 1196 1878 1287 1930; x_wconf 79' lang='lat' dir='ltr'>vexat</span> <span class='ocrx_word' id='word_1_83' title='bbox 1302 1872 1403 1929; x_wconf 76' lang='lat' dir='ltr'>eterit</span> 
     </span>
     <span class='ocr_line' id='line_1_11' title="bbox 291 1982 1284 2067; baseline -0.004 -18"><span class='ocrx_word' id='word_1_84' title='bbox 291 2006 337 2049; x_wconf 81' lang='lat' dir='ltr'>so</span> <span class='ocrx_word' id='word_1_85' title='bbox 361 1984 505 2046; x_wconf 85' lang='lat' dir='ltr'>miseros.</span> <span class='ocrx_word' id='word_1_86' title='bbox 548 1982 598 2046; x_wconf 84' lang='lat' dir='ltr'>En</span> <span class='ocrx_word' id='word_1_87' title='bbox 621 1983 722 2047; x_wconf 85' lang='lat' dir='ltr'>oratio</span> <span class='ocrx_word' id='word_1_88' title='bbox 743 1983 843 2050; x_wconf 82' lang='lat' dir='ltr'>haeee</span> <span class='ocrx_word' id='word_1_89' title='bbox 866 1982 1107 2067; x_wconf 83' lang='lat' dir='ltr'>elegantissima</span> <span class='ocrx_word' id='word_1_90' title='bbox 1129 1982 1284 2067; x_wconf 86' lang='lat' dir='ltr'>prodibit:</span> 
     </span>
    </p>

    <p class='ocr_par' dir='ltr' id='par_1_3' title="bbox 337 2105 1401 2181">
     <span class='ocr_line' id='line_1_12' title="bbox 337 2105 1401 2181; baseline 0.001 -18"><span class='ocrx_word' id='word_1_91' title='bbox 337 2138 374 2148; x_wconf 85' lang='lat'>·-</span> <span class='ocrx_word' id='word_1_92' title='bbox 396 2112 525 2179; x_wconf 80' lang='lat' dir='ltr'>parent</span> <span class='ocrx_word' id='word_1_93' title='bbox 546 2122 593 2181; x_wconf 83' lang='lat' dir='ltr'>n.;</span> <span class='ocrx_word' id='word_1_94' title='bbox 622 2106 641 2166; x_wconf 78' lang='lat' dir='ltr'>i.</span> <span class='ocrx_word' id='word_1_95' title='bbox 665 2112 683 2163; x_wconf 86' lang='lat' dir='ltr'>t.</span> <span class='ocrx_word' id='word_1_96' title='bbox 707 2122 735 2163; x_wconf 84' lang='lat' dir='ltr'>u.</span> <span class='ocrx_word' id='word_1_97' title='bbox 754 2121 779 2164; x_wconf 83' lang='lat' dir='ltr'>e.</span> <span class='ocrx_word' id='word_1_98' title='bbox 803 2105 1049 2164; x_wconf 71' lang='lat' dir='ltr'>medicaminibus</span> <span class='ocrx_word' id='word_1_99' title='bbox 1069 2106 1106 2163; x_wconf 78' lang='lat' dir='ltr'>iis</span> <span class='ocrx_word' id='word_1_100' title='bbox 1128 2122 1172 2179; x_wconf 78' lang='lat' dir='ltr'>u,</span> <span class='ocrx_word' id='word_1_101' title='bbox 1206 2122 1234 2178; x_wconf 81' lang='lat' dir='ltr'>q.</span> <span class='ocrx_word' id='word_1_102' title='bbox 1257 2120 1282 2162; x_wconf 86' lang='lat' dir='ltr'>e.</span> <span class='ocrx_word' id='word_1_103' title='bbox 1307 2122 1341 2179; x_wconf 80' lang='lat' dir='ltr'>p.</span> <span class='ocrx_word' id='word_1_104' title='bbox 1363 2122 1401 2165; x_wconf 90' lang='lat' dir='ltr'>m.</span> 
     </span>
    </p>
   </div>
   <div class='ocr_carea' id='block_1_3' title="bbox 332 2222 1405 2529">
    <p class='ocr_par' dir='ltr' id='par_1_4' title="bbox 332 2222 1405 2529">
     <span class='ocr_line' id='line_1_13' title="bbox 332 2222 1405 2299; baseline -0.001 -18"><span class='ocrx_word' id='word_1_105' title='bbox 332 2242 359 2284; x_wconf 82' lang='lat' dir='ltr'>s.</span> <span class='ocrx_word' id='word_1_106' title='bbox 382 2223 419 2281; x_wconf 87' lang='grc' dir='ltr'>Ν.</span> <span class='ocrx_word' id='word_1_107' title='bbox 443 2241 470 2297; x_wconf 78' lang='lat' dir='ltr'>q.</span> <span class='ocrx_word' id='word_1_108' title='bbox 494 2224 515 2280; x_wconf 79' lang='lat' dir='ltr'>i.</span> <span class='ocrx_word' id='word_1_109' title='bbox 538 2223 569 2280; x_wconf 80' lang='lat' dir='ltr'>in</span> <span class='ocrx_word' id='word_1_110' title='bbox 595 2222 709 2281; x_wconf 78' lang='lat' dir='ltr'>libellos</span> <span class='ocrx_word' id='word_1_111' title='bbox 730 2224 1096 2299; x_wconf 65' lang='lat' dir='ltr'>commentumque,</span> <span class='ocrx_word' id='word_1_112' title='bbox 1123 2238 1149 2281; x_wconf 82' lang='lat' dir='ltr'>o.</span> <span class='ocrx_word' id='word_1_113' title='bbox 1179 2237 1226 2281; x_wconf 85' lang='lat' dir='ltr'>ex</span> <span class='ocrx_word' id='word_1_114' title='bbox 1253 2223 1301 2280; x_wconf 84' lang='lat' dir='ltr'>iis</span> <span class='ocrx_word' id='word_1_115' title='bbox 1323 2239 1349 2281; x_wconf 83' lang='lat' dir='ltr'>v.</span> <span class='ocrx_word' id='word_1_116' title='bbox 1371 2238 1405 2280; x_wconf 89' lang='grc' dir='ltr'>α.</span> 
     </span>
     <span class='ocr_line' id='line_1_14' title="bbox 335 2340 1401 2417; baseline -0.002 -18"><span class='ocrx_word' id='word_1_117' title='bbox 335 2342 364 2399; x_wconf 77' lang='lat' dir='ltr'>h.</span> <span class='ocrx_word' id='word_1_118' title='bbox 390 2356 415 2400; x_wconf 82' lang='lat' dir='ltr'>e.</span> <span class='ocrx_word' id='word_1_119' title='bbox 434 2341 455 2400; x_wconf 80' lang='lat' dir='ltr'>i.</span> <span class='ocrx_word' id='word_1_120' title='bbox 478 2356 515 2397; x_wconf 89' lang='lat' dir='ltr'>m.</span> <span class='ocrx_word' id='word_1_121' title='bbox 537 2341 736 2417; x_wconf 71' lang='lat' dir='ltr'>expediri,</span> <span class='ocrx_word' id='word_1_122' title='bbox 758 2358 784 2399; x_wconf 85' lang='lat' dir='ltr'>c.</span> <span class='ocrx_word' id='word_1_123' title='bbox 807 2340 838 2399; x_wconf 88' lang='lat' dir='ltr'>S.</span> <span class='ocrx_word' id='word_1_124' title='bbox 861 2355 888 2399; x_wconf 90' lang='lat'>0.</span> <span class='ocrx_word' id='word_1_125' title='bbox 911 2355 938 2399; x_wconf 85' lang='lat' dir='ltr'>c.</span> <span class='ocrx_word' id='word_1_126' title='bbox 960 2340 988 2401; x_wconf 89' lang='grc' dir='ltr'>Ι.</span> <span class='ocrx_word' id='word_1_127' title='bbox 1011 2356 1039 2413; x_wconf 80' lang='lat' dir='ltr'>q.</span> <span class='ocrx_word' id='word_1_128' title='bbox 1059 2340 1084 2411; x_wconf 78' lang='lat' dir='ltr'>s.</span> <span class='ocrx_word' id='word_1_129' title='bbox 1107 2356 1130 2401; x_wconf 86' lang='lat' dir='ltr'>e.</span> <span class='ocrx_word' id='word_1_130' title='bbox 1154 2356 1180 2398; x_wconf 84' lang='lat' dir='ltr'>e.</span> <span class='ocrx_word' id='word_1_131' title='bbox 1203 2356 1228 2399; x_wconf 82' lang='lat' dir='ltr'>c.</span> <span class='ocrx_word' id='word_1_132' title='bbox 1251 2356 1298 2409; x_wconf 74' lang='lat' dir='ltr'>nn,</span> <span class='ocrx_word' id='word_1_133' title='bbox 1321 2346 1341 2400; x_wconf 81' lang='lat' dir='ltr'>t.</span> <span class='ocrx_word' id='word_1_134' title='bbox 1363 2356 1401 2398; x_wconf 88' lang='lat' dir='ltr'>m.</span> 
     </span>
     <span class='ocr_line' id='line_1_15' title="bbox 335 2457 841 2529; baseline 0.002 -13"><span class='ocrx_word' id='word_1_135' title='bbox 335 2474 365 2516; x_wconf 84' lang='lat' dir='ltr'>a.</span> <span class='ocrx_word' id='word_1_136' title='bbox 386 2458 411 2529; x_wconf 77' lang='lat' dir='ltr'>f.</span> <span class='ocrx_word' id='word_1_137' title='bbox 432 2457 463 2517; x_wconf 84' lang='lat' dir='ltr'>S.</span> <span class='ocrx_word' id='word_1_138' title='bbox 484 2460 541 2517; x_wconf 67' lang='lat' dir='ltr'>stc</span> <span class='ocrx_word' id='word_1_139' title='bbox 562 2466 676 2518; x_wconf 80' lang='lat' dir='ltr'>vexat</span> <span class='ocrx_word' id='word_1_140' title='bbox 698 2465 733 2517; x_wconf 85' lang='lat' dir='ltr'>et</span> <span class='ocrx_word' id='word_1_141' title='bbox 754 2459 841 2517; x_wconf 77' lang='lat' dir='ltr'>urit.</span> 
     </span>
    </p>
   </div>
   <div class='ocr_carea' id='block_1_4' title="bbox 347 2570 1485 2804">
    <p class='ocr_par' dir='ltr' id='par_1_5' title="bbox 347 2570 1485 2804">
     <span class='ocr_line' id='line_1_16' title="bbox 713 2570 1485 2675; baseline -0.004 -26"><span class='ocrx_word' id='word_1_142' title='bbox 713 2577 782 2650; x_wconf 81' lang='lat'>109</span> <span class='ocrx_word' id='word_1_143' title='bbox 797 2570 992 2647; x_wconf 86' lang='lat' dir='ltr'>:ibidem</span> <span class='ocrx_word' id='word_1_144' title='bbox 1269 2658 1276 2675; x_wconf 33' lang='lat'><strong><em>¹</em></strong></span> <span class='ocrx_word' id='word_1_145' title='bbox 1422 2579 1485 2646; x_wconf 74' lang='lat'>752</span> 
     </span>
     <span class='ocr_line' id='line_1_17' title="bbox 347 2702 1400 2804; baseline -0.005 -22"><span class='ocrx_word' id='word_1_146' title='bbox 347 2706 393 2783; x_wconf 79' lang='lat' dir='ltr'>nt</span> <span class='ocrx_word' id='word_1_147' title='bbox 419 2727 572 2804; x_wconf 78' lang='lat' dir='ltr'>squama</span> <span class='ocrx_word' id='word_1_148' title='bbox 597 2712 720 2780; x_wconf 87' lang='lat' dir='ltr'>autem</span> <span class='ocrx_word' id='word_1_149' title='bbox 746 2710 783 2780; x_wconf 85' lang='lat' dir='ltr'>et</span> <span class='ocrx_word' id='word_1_150' title='bbox 814 2702 885 2781; x_wconf 86' lang='lat' dir='ltr'>llos</span> <span class='ocrx_word' id='word_1_151' title='bbox 910 2711 1063 2779; x_wconf 84' lang='lat' dir='ltr'>uruntur</span> <span class='ocrx_word' id='word_1_152' title='bbox 1088 2746 1133 2761; x_wconf 90' lang='lat'>-</span> <span class='ocrx_word' id='word_1_153' title='bbox 1161 2703 1329 2779; x_wconf 87' lang='lat' dir='ltr'>lavantur</span> <span class='ocrx_word' id='word_1_154' title='bbox 1354 2746 1400 2757; x_wconf 83' lang='lat'><em>-</em></span> 
     </span>
    </p>
   </div>
   <div class='ocr_carea' id='block_1_5' title="bbox 345 2835 1401 2924">
    <p class='ocr_par' dir='ltr' id='par_1_6' title="bbox 345 2835 1401 2924">
     <span class='ocr_line' id='line_1_18' title="bbox 345 2835 1401 2924; baseline -0.006 -8"><span class='ocrx_word' id='word_1_155' title='bbox 345 2848 383 2916; x_wconf 87' lang='lat' dir='ltr'>et</span> <span class='ocrx_word' id='word_1_156' title='bbox 410 2861 502 2914; x_wconf 90' lang='lat' dir='ltr'>uvas</span> <span class='ocrx_word' id='word_1_157' title='bbox 530 2839 604 2916; x_wconf 87' lang='lat' dir='ltr'>oris</span> <span class='ocrx_word' id='word_1_158' title='bbox 629 2838 744 2913; x_wconf 84' lang='lat' dir='ltr'>farina</span> <span class='ocrx_word' id='word_1_159' title='bbox 763 2838 911 2914; x_wconf 84' lang='lat' dir='ltr'>admota</span> <span class='ocrx_word' id='word_1_160' title='bbox 934 2835 1039 2924; x_wconf 86' lang='lat' dir='ltr'>tollit,</span> <span class='ocrx_word' id='word_1_161' title='bbox 1067 2846 1104 2914; x_wconf 87' lang='lat' dir='ltr'>et</span> <span class='ocrx_word' id='word_1_162' title='bbox 1130 2836 1299 2915; x_wconf 85' lang='lat' dir='ltr'>tonsillas</span> <span class='ocrx_word' id='word_1_163' title='bbox 1319 2859 1401 2912; x_wconf 88' lang='lat' dir='ltr'>eum</span> 
     </span>
    </p>
   </div>
   <div class='ocr_carea' id='block_1_6' title="bbox 292 2971 1401 3308">
    <p class='ocr_par' dir='ltr' id='par_1_7' title="bbox 292 2971 1401 3308">
     <span class='ocr_line' id='line_1_19' title="bbox 343 2971 467 3049; baseline -0.024 0"><span class='ocrx_word' id='word_1_164' title='bbox 343 2971 467 3049; x_wconf 87' lang='lat' dir='ltr'>melle.</span> 
     </span>
     <span class='ocr_line' id='line_1_20' title="bbox 380 3064 1401 3191; baseline -0.006 -22"><span class='ocrx_word' id='word_1_165' title='bbox 380 3064 670 3179; x_wconf 13' lang='lat' dir='ltr'>Neeessariopltotlit</span> <span class='ocrx_word' id='word_1_166' title='bbox 690 3117 719 3167; x_wconf 84' lang='lat' dir='ltr'>et</span> <span class='ocrx_word' id='word_1_167' title='bbox 739 3107 772 3169; x_wconf 90' lang='lat' dir='ltr'>in</span> <span class='ocrx_word' id='word_1_168' title='bbox 793 3106 947 3191; x_wconf 78' lang='lat' dir='ltr'>pluralem</span> <span class='ocrx_word' id='word_1_169' title='bbox 983 3111 1111 3168; x_wconf 78' lang='lat' dir='ltr'>tollunt</span> <span class='ocrx_word' id='word_1_170' title='bbox 1142 3101 1297 3166; x_wconf 81' lang='lat' dir='ltr'>mutanda</span> <span class='ocrx_word' id='word_1_171' title='bbox 1318 3107 1401 3164; x_wconf 85' lang='lat' dir='ltr'>suut.</span> 
     </span>
     <span class='ocr_line' id='line_1_21' title="bbox 292 3222 989 3308; baseline 0 -20"><span class='ocrx_word' id='word_1_172' title='bbox 292 3225 451 3288; x_wconf 80' lang='lat' dir='ltr'>Proxima</span> <span class='ocrx_word' id='word_1_173' title='bbox 471 3222 512 3286; x_wconf 80' lang='lat' dir='ltr'>ab</span> <span class='ocrx_word' id='word_1_174' title='bbox 534 3223 612 3286; x_wconf 83' lang='lat' dir='ltr'>Iano</span> <span class='ocrx_word' id='word_1_175' title='bbox 633 3229 721 3286; x_wconf 87' lang='lat' dir='ltr'>reete</span> <span class='ocrx_word' id='word_1_176' title='bbox 743 3222 989 3308; x_wconf 85' lang='lat' dir='ltr'>distinguuntur.</span> 
     </span>
    </p>
   </div>
   <div class='ocr_carea' id='block_1_7' title="bbox 291 3339 1484 4791">
    <p class='ocr_par' dir='ltr' id='par_1_8' title="bbox 337 3339 1484 3970">
     <span class='ocr_line' id='line_1_22' title="bbox 561 3339 1484 3439; baseline -0.005 -24"><span class='ocrx_word' id='word_1_177' title='bbox 561 3345 814 3429; x_wconf 75' lang='lat'><strong>116=12‚28.</strong></span> <span class='ocrx_word' id='word_1_178' title='bbox 853 3341 916 3434; x_wconf 86' lang='lat' dir='ltr'>(de</span> <span class='ocrx_word' id='word_1_179' title='bbox 944 3339 1130 3439; x_wconf 85' lang='lat' dir='ltr'>suoleee).</span> <span class='ocrx_word' id='word_1_180' title='bbox 1377 3425 1383 3438; x_wconf 20' lang='grc' dir='ltr'>ι</span> <span class='ocrx_word' id='word_1_181' title='bbox 1423 3344 1484 3410; x_wconf 77' lang='grc'>753</span> 
     </span>
     <span class='ocr_line' id='line_1_23' title="bbox 342 3471 1400 3570; baseline -0.002 -23"><span class='ocrx_word' id='word_1_182' title='bbox 342 3475 471 3549; x_wconf 84' lang='lat' dir='ltr'>teritur</span> <span class='ocrx_word' id='word_1_183' title='bbox 502 3481 640 3562; x_wconf 81' lang='lat' dir='ltr'>autem,</span> <span class='ocrx_word' id='word_1_184' title='bbox 675 3473 797 3549; x_wconf 82' lang='lat' dir='ltr'>donee</span> <span class='ocrx_word' id='word_1_185' title='bbox 835 3473 952 3549; x_wconf 86' lang='lat' dir='ltr'>viride</span> <span class='ocrx_word' id='word_1_186' title='bbox 980 3474 1041 3549; x_wconf 88' lang='lat' dir='ltr'>liat</span> <span class='ocrx_word' id='word_1_187' title='bbox 1068 3471 1332 3570; x_wconf 80' lang='lat' dir='ltr'>eorrtrahatque</span> <span class='ocrx_word' id='word_1_188' title='bbox 1359 3493 1400 3545; x_wconf 86' lang='lat' dir='ltr'>se</span> 
     </span>
     <span class='ocr_line' id='line_1_24' title="bbox 345 3601 1401 3704; baseline -0.003 -25"><span class='ocrx_word' id='word_1_189' title='bbox 345 3603 629 3682; x_wconf 85' lang='lat' dir='ltr'>vermiculorum</span> <span class='ocrx_word' id='word_1_190' title='bbox 654 3601 790 3704; x_wconf 70' lang='lat' dir='ltr'>speeie,</span> <span class='ocrx_word' id='word_1_191' title='bbox 816 3606 916 3681; x_wconf 87' lang='lat' dir='ltr'>unde</span> <span class='ocrx_word' id='word_1_192' title='bbox 950 3614 986 3682; x_wconf 85' lang='lat' dir='ltr'>et</span> <span class='ocrx_word' id='word_1_193' title='bbox 1012 3628 1158 3683; x_wconf 88' lang='lat' dir='ltr'>nomen.</span> <span class='ocrx_word' id='word_1_194' title='bbox 1212 3602 1320 3697; x_wconf 79' lang='lat' dir='ltr'>Quod</span> <span class='ocrx_word' id='word_1_195' title='bbox 1347 3602 1401 3676; x_wconf 92' lang='lat' dir='ltr'>vi-</span> 
     </span>
     <span class='ocr_line' id='line_1_25' title="bbox 343 3735 1401 3836; baseline -0.004 -22"><span class='ocrx_word' id='word_1_196' title='bbox 343 3740 434 3814; x_wconf 90' lang='lat' dir='ltr'>tium</span> <span class='ocrx_word' id='word_1_197' title='bbox 461 3742 499 3814; x_wconf 91' lang='lat' dir='ltr'>ut</span> <span class='ocrx_word' id='word_1_198' title='bbox 526 3737 752 3826; x_wconf 85' lang='lat' dir='ltr'>emendetur,</span> <span class='ocrx_word' id='word_1_199' title='bbox 781 3738 876 3814; x_wconf 86' lang='lat' dir='ltr'>duae</span> <span class='ocrx_word' id='word_1_200' title='bbox 905 3746 1027 3836; x_wconf 84' lang='lat' dir='ltr'>partes</span> <span class='ocrx_word' id='word_1_201' title='bbox 1055 3761 1150 3836; x_wconf 86' lang='lat' dir='ltr'>quae</span> <span class='ocrx_word' id='word_1_202' title='bbox 1176 3737 1278 3813; x_wconf 86' lang='lat' dir='ltr'>luere</span> <span class='ocrx_word' id='word_1_203' title='bbox 1306 3735 1401 3811; x_wconf 80' lang='lat' dir='ltr'>aceti</span> 
     </span>
     <span class='ocr_line' id='line_1_26' title="bbox 337 3863 1338 3970; baseline 0 -25"><span class='ocrx_word' id='word_1_204' title='bbox 337 3863 544 3946; x_wconf 57' lang='lat' dir='ltr'>‘miscentur</span> <span class='ocrx_word' id='word_1_205' title='bbox 570 3871 672 3945; x_wconf 89' lang='lat' dir='ltr'>urina</span> <span class='ocrx_word' id='word_1_206' title='bbox 698 3871 802 3969; x_wconf 82' lang='lat' dir='ltr'>pueri</span> <span class='ocrx_word' id='word_1_207' title='bbox 828 3870 998 3970; x_wconf 88' lang='lat' dir='ltr'>impubis.</span> <span class='ocrx_word' id='word_1_208' title='bbox 1332 3865 1338 3885; x_wconf 73' lang='grc'><strong>“</strong></span> 
     </span>
    </p>

    <p class='ocr_par' dir='ltr' id='par_1_9' title="bbox 291 4001 1470 4791">
     <span class='ocr_line' id='line_1_27' title="bbox 379 4001 1401 4088; baseline -0.002 -22"><span class='ocrx_word' id='word_1_209' title='bbox 379 4001 472 4076; x_wconf 85' lang='lat' dir='ltr'>Quod</span> <span class='ocrx_word' id='word_1_210' title='bbox 493 4001 622 4067; x_wconf 80' lang='lat' dir='ltr'>tandem</span> <span class='ocrx_word' id='word_1_211' title='bbox 643 4003 776 4066; x_wconf 80' lang='lat' dir='ltr'>vitium?</span> <span class='ocrx_word' id='word_1_212' title='bbox 817 4022 922 4088; x_wconf 85' lang='lat' dir='ltr'>neque</span> <span class='ocrx_word' id='word_1_213' title='bbox 955 4003 1039 4066; x_wconf 87' lang='lat' dir='ltr'>enim</span> <span class='ocrx_word' id='word_1_214' title='bbox 1071 4003 1102 4065; x_wconf 90' lang='lat' dir='ltr'>in</span> <span class='ocrx_word' id='word_1_215' title='bbox 1129 4002 1258 4066; x_wconf 90' lang='lat' dir='ltr'>nomine</span> <span class='ocrx_word' id='word_1_216' title='bbox 1296 4021 1401 4087; x_wconf 89' lang='lat' dir='ltr'>neque</span> 
     </span>
     <span class='ocr_line' id='line_1_28' title="bbox 291 4118 1402 4207; baseline -0.003 -22"><span class='ocrx_word' id='word_1_217' title='bbox 291 4123 325 4185; x_wconf 93' lang='lat' dir='ltr'>in</span> <span class='ocrx_word' id='word_1_218' title='bbox 363 4119 454 4184; x_wconf 86' lang='lat' dir='ltr'>viridi</span> <span class='ocrx_word' id='word_1_219' title='bbox 484 4120 590 4184; x_wconf 85' lang='lat' dir='ltr'>eolore</span> <span class='ocrx_word' id='word_1_220' title='bbox 622 4120 795 4207; x_wconf 85' lang='lat' dir='ltr'>quidquam</span> <span class='ocrx_word' id='word_1_221' title='bbox 831 4121 931 4184; x_wconf 80' lang='lat' dir='ltr'>inest⁰</span> <span class='ocrx_word' id='word_1_222' title='bbox 948 4119 1033 4206; x_wconf 90' lang='lat' dir='ltr'>quod</span> <span class='ocrx_word' id='word_1_223' title='bbox 1055 4118 1315 4204; x_wconf 83' lang='lat' dir='ltr'>reprehendatur.</span> <span class='ocrx_word' id='word_1_224' title='bbox 1358 4119 1402 4182; x_wconf 82' lang='lat' dir='ltr'>nt</span> 
     </span>
     <span class='ocr_line' id='line_1_29' title="bbox 293 4235 1401 4322; baseline -0.003 -18"><span class='ocrx_word' id='word_1_225' title='bbox 293 4238 435 4320; x_wconf 76' lang='lat' dir='ltr'>dolorem</span> <span class='ocrx_word' id='word_1_226' title='bbox 470 4237 578 4302; x_wconf 87' lang='lat' dir='ltr'>neseio</span> <span class='ocrx_word' id='word_1_227' title='bbox 611 4237 688 4322; x_wconf 93' lang='lat' dir='ltr'>quid</span> <span class='ocrx_word' id='word_1_228' title='bbox 719 4237 836 4322; x_wconf 85' lang='lat' dir='ltr'>ingrati</span> <span class='ocrx_word' id='word_1_229' title='bbox 865 4237 1016 4302; x_wconf 81' lang='lat' dir='ltr'>habuisse</span> <span class='ocrx_word' id='word_1_230' title='bbox 1047 4235 1277 4301; x_wconf 84' lang='lat' dir='ltr'>nDioseoride</span> <span class='ocrx_word' id='word_1_231' title='bbox 1298 4235 1338 4300; x_wconf 88' lang='lat' dir='ltr'>V.</span> <span class='ocrx_word' id='word_1_232' title='bbox 1361 4235 1401 4301; x_wconf 84' lang='lat'>92</span> 
     </span>
     <span class='ocr_line' id='line_1_30' title="bbox 294 4345 1421 4440; baseline -0.004 -20"><span class='ocrx_word' id='word_1_233' title='bbox 294 4357 463 4432; x_wconf 84' lang='lat' dir='ltr'>doeemur,</span> <span class='ocrx_word' id='word_1_234' title='bbox 492 4355 546 4439; x_wconf 91' lang='lat' dir='ltr'>qui</span> <span class='ocrx_word' id='word_1_235' title='bbox 567 4350 698 4439; x_wconf 74' lang='grc' dir='ltr'><strong><em>ἐνεργὴς</em></strong></span> <span class='ocrx_word' id='word_1_236' title='bbox 724 4354 827 4440; x_wconf 90' lang='lat' dir='ltr'>inquit</span> <span class='ocrx_word' id='word_1_237' title='bbox 848 4354 886 4421; x_wconf 81' lang='grc' dir='ltr'>δὲ</span> <span class='ocrx_word' id='word_1_238' title='bbox 907 4361 963 4420; x_wconf 80' lang='grc' dir='ltr'>καὶ</span> <span class='ocrx_word' id='word_1_239' title='bbox 993 4355 1130 4440; x_wconf 74' lang='grc' dir='ltr'><em>εὔχρους</em></span> <span class='ocrx_word' id='word_1_240' title='bbox 1151 4360 1312 4434; x_wconf 75' lang='grc' dir='ltr'><strong><em>γίγνεται,</em></strong></span> <span class='ocrx_word' id='word_1_241' title='bbox 1341 4345 1421 4418; x_wconf 71' lang='grc' dir='ltr'>ἐὰν</span> 
     </span>
     <span class='ocr_line' id='line_1_31' title="bbox 295 4469 1400 4560; baseline -0.005 -23"><span class='ocrx_word' id='word_1_242' title='bbox 295 4473 394 4548; x_wconf 72' lang='grc' dir='ltr'><strong><em>ὄξους</em></strong></span> <span class='ocrx_word' id='word_1_243' title='bbox 416 4472 477 4552; x_wconf 77' lang='grc' dir='ltr'>μὲν</span> <span class='ocrx_word' id='word_1_244' title='bbox 498 4469 581 4560; x_wconf 74' lang='grc' dir='ltr'>λάβῃ</span> <span class='ocrx_word' id='word_1_245' title='bbox 602 4473 701 4557; x_wconf 82' lang='grc' dir='ltr'><strong><em>μέρος</em></strong></span> <span class='ocrx_word' id='word_1_246' title='bbox 722 4469 769 4544; x_wconf 74' lang='grc' dir='ltr'>ἕν,</span> <span class='ocrx_word' id='word_1_247' title='bbox 793 4471 894 4558; x_wconf 76' lang='grc' dir='ltr'><em>οὔρου</em></span> <span class='ocrx_word' id='word_1_248' title='bbox 916 4473 955 4537; x_wconf 81' lang='grc' dir='ltr'>δὲ</span> <span class='ocrx_word' id='word_1_249' title='bbox 976 4473 1124 4538; x_wconf 81' lang='grc' dir='ltr'><strong><em>παλαιοῦ</em></strong></span> <span class='ocrx_word' id='word_1_250' title='bbox 1145 4473 1225 4557; x_wconf 82' lang='grc' dir='ltr'><em>μέρη</em></span> <span class='ocrx_word' id='word_1_251' title='bbox 1241 4471 1313 4534; x_wconf 81' lang='grc' dir='ltr'><em>δύο.</em></span> <span class='ocrx_word' id='word_1_252' title='bbox 1336 4470 1400 4533; x_wconf 83' lang='lat' dir='ltr'>Ite·</span> 
     </span>
     <span class='ocr_line' id='line_1_32' title="bbox 296 4559 1401 4675; baseline -0.002 -23"><span class='ocrx_word' id='word_1_253' title='bbox 296 4609 359 4675; x_wconf 87' lang='lat' dir='ltr'>que</span> <span class='ocrx_word' id='word_1_254' title='bbox 381 4588 478 4652; x_wconf 88' lang='lat' dir='ltr'>eolori</span> <span class='ocrx_word' id='word_1_255' title='bbox 500 4589 610 4651; x_wconf 78' lang='lat' dir='ltr'>vitium</span> <span class='ocrx_word' id='word_1_256' title='bbox 630 4589 738 4652; x_wconf 85' lang='lat' dir='ltr'>inesse</span> <span class='ocrx_word' id='word_1_257' title='bbox 750 4559 876 4653; x_wconf 79' lang='lat' dir='ltr'>dixerut</span> <span class='ocrx_word' id='word_1_258' title='bbox 891 4589 1015 4653; x_wconf 90' lang='lat' dir='ltr'>Plinius</span> <span class='ocrx_word' id='word_1_259' title='bbox 1036 4588 1085 4651; x_wconf 88' lang='lat' dir='ltr'>his</span> <span class='ocrx_word' id='word_1_260' title='bbox 1107 4587 1303 4667; x_wconf 66' lang='lat' dir='ltr'>fenerabis,</span> <span class='ocrx_word' id='word_1_261' title='bbox 1319 4607 1401 4671; x_wconf 88' lang='lat' dir='ltr'>quae</span> 
     </span>
     <span class='ocr_line' id='line_1_33' title="bbox 295 4681 1470 4791; baseline -0.002 -21"><span class='ocrx_word' id='word_1_262' title='bbox 295 4681 455 4770; x_wconf 87' lang='lat' dir='ltr'>exeidisse</span> <span class='ocrx_word' id='word_1_263' title='bbox 478 4725 515 4769; x_wconf 95' lang='lat' dir='ltr'>eo</span> <span class='ocrx_word' id='word_1_264' title='bbox 538 4711 588 4768; x_wconf 86' lang='lat' dir='ltr'>est</span> <span class='ocrx_word' id='word_1_265' title='bbox 609 4705 822 4788; x_wconf 85' lang='lat' dir='ltr'>verisimilius,</span> <span class='ocrx_word' id='word_1_266' title='bbox 845 4708 996 4791; x_wconf 83' lang='lat' dir='ltr'>quoniam</span> <span class='ocrx_word' id='word_1_267' title='bbox 1019 4705 1114 4772; x_wconf 86' lang='lat' dir='ltr'>etiam</span> <span class='ocrx_word' id='word_1_268' title='bbox 1137 4707 1283 4790; x_wconf 76' lang='lat' dir='ltr'>proxima</span> <span class='ocrx_word' id='word_1_269' title='bbox 1303 4704 1401 4769; x_wconf 77' lang='lat' dir='ltr'>rerba</span> <span class='ocrx_word' id='word_1_270' title='bbox 1468 4784 1470 4788; x_wconf 11' lang='grc' dir='ltr'><em>Α</em></span> 
     </span>
    </p>
   </div>
   <div class='ocr_carea' id='block_1_8' title="bbox 0 0 1861 5625">
    <p class='ocr_par' dir='ltr' id='par_1_10' title="bbox 0 0 1861 5625">
     <span class='ocr_line' id='line_1_34' title="bbox 0 0 1861 5625; baseline 0 0"><span class='ocrx_word' id='word_1_271' title='bbox 0 0 1861 5625; x_wconf 95' lang='lat' dir='ltr'> </span> 
     </span>
    </p>
   </div>
  </div>
 </body>
</html>
