3700 5625
482 736 545 805 222
911 738 1001 799 Liber
1023 737 1159 801 XXXV.

481 933 611 1019 vulgato
647 950 709 1019 quc
737 930 852 996 utebar
883 930 1031 1015 exemplo
1054 928 1258 1015 legebantur,
1290 927 1343 1013 qui
1367 935 1400 993 ct
1421 925 1508 1010 apud
1530 924 1585 991 su-

481 1048 590 1133 iigium
614 1054 646 1111 et
668 1046 755 1133 apud
773 1047 887 1117 lenum
909 1046 1111 1114 emendatius
1133 1046 1322 1113 scribuntur.
1365 1044 1461 1119 Quod
1483 1050 1584 1113 eutem

481 1165 511 1249 §.
533 1165 574 1231 ab
596 1176 737 1245 apparet,
773 1164 801 1249 §.
824 1166 864 1232 bl
885 1170 1110 1243 increbruerat,
1145 1164 1174 1248 §.
1196 1165 1237 1231 82
1259 1178 1286 1226 et
1316 1181 1437 1226 reuerso
1466 1162 1584 1245 scripsi,

380 1330 393 1355 .
482 1283 752 1370 Bumbergsneem
776 1281 918 1346 codicem
950 1289 1190 1363 secundarum,
1227 1281 1352 1367 dequo
1376 1278 1584 1345 laisaaSill.

481 1400 658 1463 traduntur.
702 1400 730 1485 §.
756 1402 794 1466 17
815 1419 899 1463 nunc
920 1397 1019 1475 Ianus
1044 1400 1189 1465 lacunam
1219 1400 1325 1465 inesse
1363 1399 1476 1462 statuit
1505 1404 1584 1459 recte

480 1524 517 1581 ut
537 1517 679 1598 videtur,
718 1516 747 1600 §.
770 1514 810 1583 19
833 1514 918 1579 idem
952 1516 1036 1581 bene
1064 1537 1081 1581 c
1105 1518 1130 1579 B
1155 1522 1250 1582 Pacui
1284 1536 1347 1580 uon
1372 1520 1500 1579 Pacarii
1527 1514 1583 1598 legi

481 1634 589 1700 voluit.

399 1826 462 1895 rm
909 1791 957 1863 29
986 1810 1024 1840 =
1052 1791 1149 1875 arr.

533 1916 674 2013 Quibus
700 1917 887 1995 coloribus
914 1916 1071 2017 singulis
1099 1918 1202 2018 primi
1230 1917 1456 2017 pinxissent,
1498 1917 1584 1991 dixi-

532 2074 614 2129 mus
642 2072 724 2131 cum
752 2050 799 2127 de
823 2048 882 2133 his
907 2032 1106 2149 pigmentis
1144 2050 1372 2127 traderemus
1399 2051 1434 2127 in
1462 2048 1585 2129 mctal-

532 2176 588 2260 lis}
641 2181 743 2278 Quae
782 2206 869 2262 mcx
901 2179 1215 2283 incogrammatee
1244 2206 1387 2283 genere
1427 2183 1585 2282 picturae

534 2323 725 2412 vocantur]
747 2315 810 2415 qui
837 2315 973 2393 deinde
1000 2322 1038 2390 ct
1063 2337 1157 2413 quae
1174 2316 1381 2392 invenerint
1397 2324 1434 2391 et
1455 2316 1586 2413 quibus

531 2449 771 2549 temporibus,
799 2448 966 2524 dicemus
993 2448 1027 2523 in
1056 2448 1241 2525 mentione
1268 2448 1458 2525 artificum.

565 2596 616 2660 Ita
632 2596 713 2681 Sili,
748 2598 801 2684 qui
823 2598 1015 2663 sententiam
1048 2598 1134 2662 illam
1157 2576 1282 2662 videtur
1315 2596 1530 2677 intellexisse,
1564 2597 1587 2660 si
1659 2678 1660 2687 ἵ

483 2723 591 2781 tamen
614 2716 773 2779 sententia
795 2715 986 2800 appellanda
1007 2724 1065 2796 est,
1088 2714 1236 2797 equidem
1251 2734 1302 2779 me
1317 2714 1395 2778 nihil
1412 2715 1587 2799 intelligere
1659 2700 1660 2782 l

483 2834 601 2916 fateor3
638 2853 742 2918 neque
775 2854 870 2920 quam
906 2835 1002 2898 lanus
1046 2833 1222 2898 orationem
1256 2834 1351 2898 Plinii
1386 2854 1459 2898 esse
1492 2834 1587 2896 voluit

484 2951 549 3037 ,qui
573 2988 606 2998 -—
632 2970 716 3036 quae
737 2955 902 3034 vocantur‘
923 2952 979 3015 rel.
1009 2951 1107 3016 multo
1129 2950 1304 3016 faciliorem
1332 2950 1496 3044 intellectu
1518 2971 1586 3014 esse

484 3069 671 3154 putaverim.
694 3067 776 3132 Nam
794 3068 961 3134 relativum
983 3074 1035 3148 qui
1056 3068 1104 3134 bis
1124 3069 1159 3132 in
1174 3067 1266 3133 codd.
1280 3069 1417 3153 positum
1441 3089 1461 3132 a
1483 3089 1584 3152 grenn-

484 3185 611 3265 mutica,
633 3185 767 3249 alterum
781 3198 809 3248 et
821 3205 929 3264 quera
941 3187 987 3251 rei
999 3187 1133 3252 varitate
1143 3185 1303 3266 abhorret,
1325 3204 1435 3250 vocem
1451 3185 1585 3270 denique

483 3314 725 3382 neuprammateu
739 3302 895 3367 Graecam
909 3322 981 3370 esse
1002 3303 1072 3388 quis
1090 3302 1267 3368 concedet?
1290 3302 1458 3388 Dupliccm
1481 3311 1584 3366 autem
1657 3347 1658 3380 p

483 3421 516 3485 in
538 3420 668 3484 modum
691 3440 710 3483 a
731 3420 868 3484 librariis
895 3427 1062 3505 peccatum
1086 3427 1145 3502 est,
1168 3441 1185 3486 e
1208 3420 1322 3505 quibus
1339 3419 1583 3506 Bumbergensie
1657 3428 1658 3451 ¹

485 3557 580 3602 verae
589 3538 735 3604 lectionis
747 3538 884 3623 vestigia
894 3537 1007 3604 saltem
1019 3544 1185 3618 monstrat,
1199 3537 1313 3622 quibus
1325 3532 1473 3602 insistere
1488 3539 1584 3604 liceat.

484 3655 594 3718 Habet
612 3655 696 3718 enim
723 3669 964 3734 neoprummutae
986 3677 1082 3736 opp.
1106 3655 1371 3750 cocunturpunde
1393 3655 1583 3720 hauddubie
1656 3701 1657 3716 t

485 3771 677 3836 substantivi
698 3773 831 3836 alicuius
856 3774 972 3838 Graeci
993 3774 1089 3837 finem
1117 3793 1191 3842 eum
1212 3775 1397 3856 pronomine
1419 3773 1583 3848 lucramur,

485 3909 547 3976 quc
571 3889 612 3954 ad
634 3889 771 3976 priorem
795 3909 924 3954 sensum
947 3911 1143 3956 revocamur.
1186 3892 1311 3956 Primae
1334 3896 1441 3954 autem
1466 3891 1582 3954 litterae

485 4027 503 4070 e
534 4010 681 4092 proxima
712 4008 826 4072 vocula
860 4009 905 4072 ita
940 4009 1064 4073 restitui
1099 4009 1190 4072 licet:
1236 4019 1498 4086 monoprcmmctu.
1546 4009 1582 4070 At

485 4124 766 4206 ‚monochromata‘
796 4126 877 4191 tales
900 4127 1044 4211 picturae
1072 4147 1092 4190 a
1112 4127 1213 4190 Plinio
1236 4126 1460 4210 appellentur?
1495 4123 1580 4188 audio

483 4243 626 4306 locorum
647 4243 885 4306 notissimorum
908 4242 1063 4308 XXXIII.
1093 4245 1157 4324 117,
1179 4241 1316 4306 XXXV.
1340 4243 1374 4309 15
1399 4240 1472 4317 (ubi
1489 4237 1578 4304 ecod.

484 4359 522 4423 Β.
545 4380 562 4422 e
583 4364 825 4425 monccbromato
847 4361 912 4446 legi
934 4367 1077 4446 oportet)
1103 4361 1462 4445 cenomannisque
1485 4354 1578 4422 al'li-

485 4477 538 4544 uio
560 4477 629 4562 ipso
652 4477 709 4542 sed
732 4497 752 4540 a
773 4479 980 4562 grammatico
1001 4477 1055 4548 illo
1078 4497 1188 4542 vocem
1211 4478 1363 4562 optimam
1386 4476 1426 4540 ab
1440 4491 1575 4560 cuquam

485 4595 664 4678 antiquiore
684 4601 793 4659 aetate
812 4595 875 4660 viro
904 4594 1047 4660 habebat
1068 4594 1226 4660 detexam
1254 4595 1305 4658 hic
1326 4602 1454 4679 praeter
1477 4609 1576 4656 neees-

489 4710 617 4776 sitatem
637 4710 778 4774 additam
805 4731 880 4776 esee
900 4731 1027 4776 censeo.
1071 4715 1120 4778 lte
1138 4712 1225 4776 enim
1247 4731 1329 4798 quas
1350 4719 1475 4776 restent
1496 4704 1578 4772 facilc
1653 4763 1654 4784 p
