<?xml version="1.0" encoding="UTF-8"?>
<!DOCTYPE html PUBLIC "-//W3C//DTD XHTML 1.0 Transitional//EN"
    "http://www.w3.org/TR/xhtml1/DTD/xhtml1-transitional.dtd">
<html xmlns="http://www.w3.org/1999/xhtml" xml:lang="en" lang="en">
 <head>
  <title>
</title>
<meta http-equiv="Content-Type" content="text/html;charset=utf-8" />
  <meta name='ocr-system' content='tesseract 3.04.00' />
  <meta name='ocr-capabilities' content='ocr_page ocr_carea ocr_par ocr_line ocrx_word'/>
</head>
<body>
  <div class='ocr_page' id='page_1' title='image "./vindiciaeplinia01urligoog_0114.png"; bbox 0 0 3700 5625; ppageno 0'>
   <div class='ocr_carea' id='block_1_1' title="bbox 501 554 1153 628">
    <p class='ocr_par' dir='ltr' id='par_1_1' title="bbox 501 554 1153 628">
     <span class='ocr_line' id='line_1_1' title="bbox 501 554 1153 628; baseline -0.006 0"><span class='ocrx_word' id='word_1_1' title='bbox 501 559 565 628; x_wconf 73' lang='lat' dir='ltr'><strong>tta</strong></span> <span class='ocrx_word' id='word_1_2' title='bbox 957 554 1067 624; x_wconf 66' lang='lat' dir='ltr'><strong>atter</strong></span> <span class='ocrx_word' id='word_1_3' title='bbox 1088 557 1153 626; x_wconf 83' lang='lat' dir='ltr'><strong>VI.</strong></span> 
     </span>
    </p>
   </div>
   <div class='ocr_carea' id='block_1_2' title="bbox 498 743 1625 984">
    <p class='ocr_par' dir='ltr' id='par_1_2' title="bbox 498 743 1625 984">
     <span class='ocr_line' id='line_1_2' title="bbox 498 743 1625 848; baseline -0.002 -25"><span class='ocrx_word' id='word_1_4' title='bbox 498 775 502 790; x_wconf 74' lang='lat'><strong><em>¹</em></strong></span> <span class='ocrx_word' id='word_1_5' title='bbox 544 747 629 842; x_wconf 80' lang='lat' dir='ltr'><strong>lou,</strong></span> <span class='ocrx_word' id='word_1_6' title='bbox 654 744 939 826; x_wconf 82' lang='lat' dir='ltr'><strong>iuxta&#39;fluvium</strong></span> <span class='ocrx_word' id='word_1_7' title='bbox 965 743 1236 846; x_wconf 85' lang='lat' dir='ltr'><strong>Narragam,</strong></span> <span class='ocrx_word' id='word_1_8' title='bbox 1258 746 1321 848; x_wconf 88' lang='lat' dir='ltr'><strong>qui</strong></span> <span class='ocrx_word' id='word_1_9' title='bbox 1350 743 1464 823; x_wconf 78' lang='lat' dir='ltr'><strong>¹carlit</strong></span> <span class='ocrx_word' id='word_1_10' title='bbox 1488 743 1625 822; x_wconf 88' lang='lat' dir='ltr'><strong>iuNar-</strong></span> 
     </span>
     <span class='ocr_line' id='line_1_3' title="bbox 499 881 1159 984; baseline -0.003 -26"><span class='ocrx_word' id='word_1_11' title='bbox 499 918 504 927; x_wconf 92' lang='lat'><strong>·</strong></span> <span class='ocrx_word' id='word_1_12' title='bbox 545 893 695 984; x_wconf 71' lang='lat' dir='ltr'><strong>rogam,</strong></span> <span class='ocrx_word' id='word_1_13' title='bbox 721 883 819 959; x_wconf 85' lang='lat' dir='ltr'><strong>unde</strong></span> <span class='ocrx_word' id='word_1_14' title='bbox 845 881 984 962; x_wconf 86' lang='lat' dir='ltr'><strong>civitati</strong></span> <span class='ocrx_word' id='word_1_15' title='bbox 1010 903 1159 958; x_wconf 89' lang='lat' dir='ltr'><strong>nomen.</strong></span> 
     </span>
    </p>
   </div>
   <div class='ocr_carea' id='block_1_3' title="bbox 478 1100 1628 4627">
    <p class='ocr_par' dir='ltr' id='par_1_3' title="bbox 504 1100 1628 4169">
     <span class='ocr_line' id='line_1_4' title="bbox 588 1100 1626 1190; baseline -0.001 -22"><span class='ocrx_word' id='word_1_16' title='bbox 588 1101 719 1168; x_wconf 88' lang='lat' dir='ltr'><strong>Locum</strong></span> <span class='ocrx_word' id='word_1_17' title='bbox 741 1100 909 1168; x_wconf 83' lang='lat' dir='ltr'><strong>difficilem</strong></span> <span class='ocrx_word' id='word_1_18' title='bbox 931 1103 978 1169; x_wconf 90' lang='lat' dir='ltr'><strong>ita</strong></span> <span class='ocrx_word' id='word_1_19' title='bbox 999 1124 1018 1168; x_wconf 87' lang='lat' dir='ltr'><strong>o</strong></span> <span class='ocrx_word' id='word_1_20' title='bbox 1040 1102 1136 1169; x_wconf 89' lang='lat' dir='ltr'><strong>libris</strong></span> <span class='ocrx_word' id='word_1_21' title='bbox 1156 1101 1243 1170; x_wconf 82' lang='lat' dir='ltr'><strong>Mes.</strong></span> <span class='ocrx_word' id='word_1_22' title='bbox 1264 1101 1425 1190; x_wconf 75' lang='lat' dir='ltr'><strong>Silligius</strong></span> <span class='ocrx_word' id='word_1_23' title='bbox 1448 1100 1626 1168; x_wconf 72' lang='lat' dir='ltr'><strong>constituit,</strong></span> 
     </span>
     <span class='ocr_line' id='line_1_5' title="bbox 505 1220 1627 1308; baseline -0.003 -20"><span class='ocrx_word' id='word_1_24' title='bbox 505 1223 617 1288; x_wconf 82' lang='lat' dir='ltr'><strong>Antea</strong></span> <span class='ocrx_word' id='word_1_25' title='bbox 642 1220 818 1306; x_wconf 82' lang='lat' dir='ltr'><strong>legebatur</strong></span> <span class='ocrx_word' id='word_1_26' title='bbox 848 1242 892 1286; x_wconf 84' lang='lat' dir='ltr'><strong>ex</strong></span> <span class='ocrx_word' id='word_1_27' title='bbox 921 1221 1148 1308; x_wconf 73' lang='lat' dir='ltr'><strong>interpolatis,</strong></span> <span class='ocrx_word' id='word_1_28' title='bbox 1177 1232 1214 1286; x_wconf 85' lang='lat' dir='ltr'><strong>ut</strong></span> <span class='ocrx_word' id='word_1_29' title='bbox 1242 1221 1402 1299; x_wconf 80' lang='lat' dir='ltr'><strong>videtur,</strong></span> <span class='ocrx_word' id='word_1_30' title='bbox 1440 1222 1627 1287; x_wconf 82' lang='lat' dir='ltr'><strong>codicibus:</strong></span> 
     </span>
     <span class='ocr_line' id='line_1_6' title="bbox 505 1338 1628 1427; baseline -0.003 -21"><span class='ocrx_word' id='word_1_31' title='bbox 505 1338 752 1406; x_wconf 69' lang='lat' dir='ltr'><strong>Chaldaeorum</strong></span> <span class='ocrx_word' id='word_1_32' title='bbox 771 1339 924 1406; x_wconf 81' lang='lat' dir='ltr'><strong>doctrino</strong></span> <span class='ocrx_word' id='word_1_33' title='bbox 943 1340 1071 1405; x_wconf 73' lang='grc' dir='ltr'><strong>σὶαπιηι</strong></span> <span class='ocrx_word' id='word_1_34' title='bbox 1092 1350 1126 1406; x_wconf 84' lang='lat' dir='ltr'><strong>at</strong></span> <span class='ocrx_word' id='word_1_35' title='bbox 1140 1339 1214 1420; x_wconf 74' lang='lat' dir='ltr'><strong>laco,</strong></span> <span class='ocrx_word' id='word_1_36' title='bbox 1234 1341 1321 1404; x_wconf 74' lang='lat' dir='ltr'><strong>sicat</strong></span> <span class='ocrx_word' id='word_1_37' title='bbox 1342 1338 1522 1427; x_wconf 74' lang='lat' dir='ltr'><strong>Babylon,</strong></span> <span class='ocrx_word' id='word_1_38' title='bbox 1541 1340 1628 1403; x_wconf 74' lang='lat' dir='ltr'><strong>iuxta</strong></span> 
     </span>
     <span class='ocr_line' id='line_1_7' title="bbox 504 1454 1626 1555; baseline -0.001 -34"><span class='ocrx_word' id='word_1_39' title='bbox 504 1454 644 1548; x_wconf 65' lang='lat' dir='ltr'><strong>{lunium</strong></span> <span class='ocrx_word' id='word_1_40' title='bbox 664 1458 859 1548; x_wconf 70' lang='lat' dir='ltr'><strong>Narragam</strong></span> <span class='ocrx_word' id='word_1_41' title='bbox 865 1501 878 1539; x_wconf 88' lang='lat'><strong>,</strong></span> <span class='ocrx_word' id='word_1_42' title='bbox 909 1459 969 1555; x_wconf 79' lang='lat' dir='ltr'><strong>qni</strong></span> <span class='ocrx_word' id='word_1_43' title='bbox 992 1458 1084 1524; x_wconf 72' lang='lat' dir='ltr'><strong>asin</strong></span> <span class='ocrx_word' id='word_1_44' title='bbox 1108 1458 1234 1523; x_wconf 82' lang='lat' dir='ltr'><strong>ciuitati</strong></span> <span class='ocrx_word' id='word_1_45' title='bbox 1253 1478 1384 1524; x_wconf 66' lang='lat' dir='ltr'><strong>namara</strong></span> <span class='ocrx_word' id='word_1_46' title='bbox 1434 1459 1557 1525; x_wconf 82' lang='lat' dir='ltr'><strong>Verba</strong></span> <span class='ocrx_word' id='word_1_47' title='bbox 1578 1456 1626 1520; x_wconf 74' lang='lat' dir='ltr'><strong>do·</strong></span> 
     </span>
     <span class='ocr_line' id='line_1_8' title="bbox 508 1574 1626 1661; baseline 0 -21"><span class='ocrx_word' id='word_1_48' title='bbox 508 1577 617 1642; x_wconf 62' lang='lat' dir='ltr'><strong>urina</strong></span> <span class='ocrx_word' id='word_1_49' title='bbox 644 1574 772 1640; x_wconf 69' lang='lat' dir='ltr'><strong>starum</strong></span> <span class='ocrx_word' id='word_1_50' title='bbox 800 1596 820 1640; x_wconf 89' lang='lat' dir='ltr'><strong>a</strong></span> <span class='ocrx_word' id='word_1_51' title='bbox 846 1575 987 1645; x_wconf 86' lang='lat' dir='ltr'><strong>Gelenio</strong></span> <span class='ocrx_word' id='word_1_52' title='bbox 1012 1581 1141 1645; x_wconf 82' lang='lat' dir='ltr'><strong>omissa</strong></span> <span class='ocrx_word' id='word_1_53' title='bbox 1164 1577 1357 1643; x_wconf 80' lang='lat' dir='ltr'><strong>llartluiuos</strong></span> <span class='ocrx_word' id='word_1_54' title='bbox 1385 1575 1626 1661; x_wconf 63' lang='lat' dir='ltr'><strong>restitutam</strong></span> 
     </span>
     <span class='ocr_line' id='line_1_9' title="bbox 507 1693 1625 1785; baseline 0 -27"><span class='ocrx_word' id='word_1_55' title='bbox 507 1693 605 1759; x_wconf 90' lang='lat' dir='ltr'><strong>simul</strong></span> <span class='ocrx_word' id='word_1_56' title='bbox 625 1706 764 1780; x_wconf 86' lang='lat' dir='ltr'><strong>praeter</strong></span> <span class='ocrx_word' id='word_1_57' title='bbox 783 1698 1023 1767; x_wconf 84' lang='lat' dir='ltr'><strong>necessitatem</strong></span> <span class='ocrx_word' id='word_1_58' title='bbox 1044 1696 1221 1785; x_wconf 66' lang='lat' dir='ltr'><strong>Babylonii</strong></span> <span class='ocrx_word' id='word_1_59' title='bbox 1240 1696 1307 1784; x_wconf 82' lang='lat' dir='ltr'><strong>legi</strong></span> <span class='ocrx_word' id='word_1_60' title='bbox 1332 1695 1455 1764; x_wconf 77' lang='lat' dir='ltr'><strong>voluit</strong></span> <span class='ocrx_word' id='word_1_61' title='bbox 1509 1693 1625 1761; x_wconf 85' lang='lat' dir='ltr'><strong>Verum</strong></span> 
     </span>
     <span class='ocr_line' id='line_1_10' title="bbox 506 1812 1626 1901; baseline 0 -24"><span class='ocrx_word' id='word_1_62' title='bbox 506 1825 703 1899; x_wconf 81' lang='lat' dir='ltr'><strong>comparato</strong></span> <span class='ocrx_word' id='word_1_63' title='bbox 726 1816 881 1901; x_wconf 82' lang='lat' dir='ltr'><strong>proximo</strong></span> <span class='ocrx_word' id='word_1_64' title='bbox 903 1816 1091 1900; x_wconf 82' lang='lat' dir='ltr'><strong>enuntiato,</strong></span> <span class='ocrx_word' id='word_1_65' title='bbox 1117 1818 1175 1881; x_wconf 89' lang='lat' dir='ltr'><strong>uhi</strong></span> <span class='ocrx_word' id='word_1_66' title='bbox 1196 1816 1345 1883; x_wconf 82' lang='lat' dir='ltr'><strong>Orcheni</strong></span> <span class='ocrx_word' id='word_1_67' title='bbox 1371 1812 1626 1897; x_wconf 80' lang='lat' dir='ltr'><strong>·„tertia0l1al-</strong></span> 
     </span>
     <span class='ocr_line' id='line_1_11' title="bbox 509 1932 1626 2022; baseline -0.003 -23"><span class='ocrx_word' id='word_1_68' title='bbox 509 1935 669 2000; x_wconf 84' lang='lat' dir='ltr'><strong>dacorum</strong></span> <span class='ocrx_word' id='word_1_69' title='bbox 685 1935 862 2001; x_wconf 85' lang='lat' dir='ltr'><strong>doctrina“</strong></span> <span class='ocrx_word' id='word_1_70' title='bbox 878 1935 1102 2022; x_wconf 73' lang='lat' dir='ltr'><strong>appellantur,</strong></span> <span class='ocrx_word' id='word_1_71' title='bbox 1122 1933 1269 2001; x_wconf 85' lang='lat' dir='ltr'><strong>efficitur</strong></span> <span class='ocrx_word' id='word_1_72' title='bbox 1283 1956 1406 2002; x_wconf 88' lang='lat' dir='ltr'><strong>rocem</strong></span> <span class='ocrx_word' id='word_1_73' title='bbox 1426 1932 1626 2016; x_wconf 85' lang='lat' dir='ltr'><strong>„doctrina“</strong></span> 
     </span>
     <span class='ocr_line' id='line_1_12' title="bbox 504 2054 1625 2142; baseline -0.006 -21"><span class='ocrx_word' id='word_1_74' title='bbox 504 2076 587 2121; x_wconf 88' lang='lat' dir='ltr'><strong>raro</strong></span> <span class='ocrx_word' id='word_1_75' title='bbox 614 2054 758 2141; x_wconf 85' lang='lat' dir='ltr'><strong>alioquin</strong></span> <span class='ocrx_word' id='word_1_76' title='bbox 783 2075 846 2122; x_wconf 91' lang='lat' dir='ltr'><strong>usu</strong></span> <span class='ocrx_word' id='word_1_77' title='bbox 875 2075 896 2119; x_wconf 89' lang='lat' dir='ltr'><strong>a</strong></span> <span class='ocrx_word' id='word_1_78' title='bbox 918 2055 1024 2121; x_wconf 90' lang='lat' dir='ltr'><strong>Plinio</strong></span> <span class='ocrx_word' id='word_1_79' title='bbox 1047 2076 1108 2142; x_wconf 90' lang='lat' dir='ltr'><strong>pro</strong></span> <span class='ocrx_word' id='word_1_80' title='bbox 1132 2056 1236 2122; x_wconf 74' lang='lat' dir='ltr'><strong>motis</strong></span> <span class='ocrx_word' id='word_1_81' title='bbox 1258 2054 1519 2122; x_wconf 78' lang='lat' dir='ltr'><strong>Chaldaeorum</strong></span> <span class='ocrx_word' id='word_1_82' title='bbox 1541 2069 1625 2116; x_wconf 87' lang='lat' dir='ltr'><strong>asur·</strong></span> 
     </span>
     <span class='ocr_line' id='line_1_13' title="bbox 506 2172 1623 2262; baseline -0.008 -21"><span class='ocrx_word' id='word_1_83' title='bbox 506 2177 594 2260; x_wconf 83' lang='lat' dir='ltr'><strong>pari,</strong></span> <span class='ocrx_word' id='word_1_84' title='bbox 617 2196 701 2262; x_wconf 81' lang='lat' dir='ltr'><strong>qaas</strong></span> <span class='ocrx_word' id='word_1_85' title='bbox 726 2173 862 2260; x_wconf 76' lang='grc' dir='ltr'><strong>αἱρέσεις</strong></span> <span class='ocrx_word' id='word_1_86' title='bbox 884 2177 1035 2240; x_wconf 89' lang='lat' dir='ltr'><strong>nominat</strong></span> <span class='ocrx_word' id='word_1_87' title='bbox 1050 2174 1176 2240; x_wconf 85' lang='lat' dir='ltr'><strong>Strabo</strong></span> <span class='ocrx_word' id='word_1_88' title='bbox 1197 2173 1287 2239; x_wconf 85' lang='lat' dir='ltr'><strong>xvi.</strong></span> <span class='ocrx_word' id='word_1_89' title='bbox 1300 2172 1423 2259; x_wconf 66' lang='lat' dir='ltr'><strong>prtia.</strong></span> <span class='ocrx_word' id='word_1_90' title='bbox 1445 2173 1623 2238; x_wconf 73' lang='lat' dir='ltr'><strong>liudonem</strong></span> 
     </span>
     <span class='ocr_line' id='line_1_14' title="bbox 505 2288 1623 2380; baseline -0.004 -22"><span class='ocrx_word' id='word_1_91' title='bbox 505 2293 674 2379; x_wconf 73' lang='lat' dir='ltr'><strong>colligitur</strong></span> <span class='ocrx_word' id='word_1_92' title='bbox 689 2291 852 2378; x_wconf 80' lang='lat' dir='ltr'><strong>pluralem</strong></span> <span class='ocrx_word' id='word_1_93' title='bbox 864 2294 1035 2380; x_wconf 64' lang='lat' dir='ltr'><strong>„oppium</strong></span> <span class='ocrx_word' id='word_1_94' title='bbox 1045 2314 1112 2359; x_wconf 91' lang='lat' dir='ltr'><strong>non</strong></span> <span class='ocrx_word' id='word_1_95' title='bbox 1121 2293 1172 2357; x_wconf 82' lang='lat' dir='ltr'><strong>-ad</strong></span> <span class='ocrx_word' id='word_1_96' title='bbox 1186 2293 1283 2360; x_wconf 90' lang='lat' dir='ltr'><strong>solos</strong></span> <span class='ocrx_word' id='word_1_97' title='bbox 1296 2293 1527 2380; x_wconf 84' lang='lat' dir='ltr'><strong>Hipparenos·</strong></span> <span class='ocrx_word' id='word_1_98' title='bbox 1534 2288 1623 2376; x_wconf 79' lang='lat' dir='ltr'><strong>perti·</strong></span> 
     </span>
     <span class='ocr_line' id='line_1_15' title="bbox 506 2411 1623 2500; baseline -0.003 -23"><span class='ocrx_word' id='word_1_99' title='bbox 506 2411 1623 2500; x_wconf 64' lang='lat' dir='ltr'><strong>nere,quibusvocabulum„doctrina‘5singolariuomeroadditnr,</strong></span> 
     </span>
     <span class='ocr_line' id='line_1_16' title="bbox 509 2528 1621 2619; baseline -0.007 -23"><span class='ocrx_word' id='word_1_100' title='bbox 509 2529 760 2614; x_wconf 72' lang='lat' dir='ltr'><strong>sodorohenos</strong></span> <span class='ocrx_word' id='word_1_101' title='bbox 771 2531 870 2597; x_wconf 86' lang='lat' dir='ltr'><strong>etiam</strong></span> <span class='ocrx_word' id='word_1_102' title='bbox 880 2530 1094 2619; x_wconf 86' lang='lat' dir='ltr'><strong>reliquasque</strong></span> <span class='ocrx_word' id='word_1_103' title='bbox 1109 2551 1225 2598; x_wconf 83' lang='lat' dir='ltr'><strong>eorum</strong></span> <span class='ocrx_word' id='word_1_104' title='bbox 1239 2533 1341 2602; x_wconf 85' lang='lat' dir='ltr'><strong>urbes</strong></span> <span class='ocrx_word' id='word_1_105' title='bbox 1357 2533 1487 2598; x_wconf 77' lang='lat' dir='ltr'><strong>eodem</strong></span> <span class='ocrx_word' id='word_1_106' title='bbox 1500 2528 1621 2595; x_wconf 82' lang='lat' dir='ltr'><strong>nooriue</strong></span> 
     </span>
     <span class='ocr_line' id='line_1_17' title="bbox 511 2639 1622 2738; baseline -0.001 -24"><span class='ocrx_word' id='word_1_107' title='bbox 511 2648 762 2734; x_wconf 76' lang='lat' dir='ltr'><strong>comprehendi.</strong></span> <span class='ocrx_word' id='word_1_108' title='bbox 782 2649 1029 2736; x_wconf 74' lang='grc' dir='ltr'><strong>Ναηιόρχηνοί</strong></span> <span class='ocrx_word' id='word_1_109' title='bbox 1038 2675 1166 2729; x_wconf 68' lang='grc' dir='ltr'><strong>τινες-</strong></span> <span class='ocrx_word' id='word_1_110' title='bbox 1176 2647 1455 2738; x_wconf 61' lang='lat' dir='ltr'><strong>aalBopomursroi</strong></span> <span class='ocrx_word' id='word_1_111' title='bbox 1466 2645 1528 2718; x_wconf 72' lang='grc' dir='ltr'><strong>καὶ</strong></span> <span class='ocrx_word' id='word_1_112' title='bbox 1542 2639 1622 2713; x_wconf 67' lang='lat' dir='ltr'><strong>olim</strong></span> 
     </span>
     <span class='ocr_line' id='line_1_18' title="bbox 509 2760 1621 2857; baseline -0.009 -20"><span class='ocrx_word' id='word_1_113' title='bbox 509 2767 849 2847; x_wconf 71' lang='lat' dir='ltr'><strong>uiriovpaStrahon&#39;e</strong></span> <span class='ocrx_word' id='word_1_114' title='bbox 863 2768 920 2836; x_wconf 89' lang='lat'><em>1.1.</em></span> <span class='ocrx_word' id='word_1_115' title='bbox 943 2781 1255 2837; x_wconf 78' lang='lat' dir='ltr'><strong>commemorantur.</strong></span> <span class='ocrx_word' id='word_1_116' title='bbox 1289 2771 1358 2840; x_wconf 90' lang='lat' dir='ltr'><strong>lam</strong></span> <span class='ocrx_word' id='word_1_117' title='bbox 1379 2769 1532 2857; x_wconf 86' lang='lat' dir='ltr'><strong>primum</strong></span> <span class='ocrx_word' id='word_1_118' title='bbox 1553 2760 1621 2831; x_wconf 81' lang='lat' dir='ltr'><strong>illud</strong></span> 
     </span>
     <span class='ocr_line' id='line_1_19' title="bbox 509 2886 1620 2977; baseline -0.007 -23"><span class='ocrx_word' id='word_1_119' title='bbox 509 2891 643 2977; x_wconf 82' lang='lat' dir='ltr'><strong>quidem</strong></span> <span class='ocrx_word' id='word_1_120' title='bbox 665 2888 876 2955; x_wconf 80' lang='lat' dir='ltr'><strong>manifestum</strong></span> <span class='ocrx_word' id='word_1_121' title='bbox 898 2894 963 2968; x_wconf 83' lang='lat' dir='ltr'><strong>est,</strong></span> <span class='ocrx_word' id='word_1_122' title='bbox 987 2891 1053 2956; x_wconf 90' lang='lat' dir='ltr'><strong>duo</strong></span> <span class='ocrx_word' id='word_1_123' title='bbox 1066 2888 1201 2957; x_wconf 85' lang='lat' dir='ltr'><strong>flumina</strong></span> <span class='ocrx_word' id='word_1_124' title='bbox 1211 2890 1484 2968; x_wconf 88' lang='lat' dir='ltr'><strong>commemorari,</strong></span> <span class='ocrx_word' id='word_1_125' title='bbox 1507 2886 1620 2953; x_wconf 87' lang='lat' dir='ltr'><strong>Narra·</strong></span> 
     </span>
     <span class='ocr_line' id='line_1_20' title="bbox 507 3006 1619 3096; baseline -0.001 -20"><span class='ocrx_word' id='word_1_126' title='bbox 507 3030 585 3096; x_wconf 83' lang='lat' dir='ltr'><strong>gam</strong></span> <span class='ocrx_word' id='word_1_127' title='bbox 598 3020 633 3075; x_wconf 91' lang='lat' dir='ltr'><strong>et</strong></span> <span class='ocrx_word' id='word_1_128' title='bbox 642 3028 743 3074; x_wconf 86' lang='lat' dir='ltr'><strong>unam</strong></span> <span class='ocrx_word' id='word_1_129' title='bbox 756 3009 897 3077; x_wconf 90' lang='lat' dir='ltr'><strong>emultis</strong></span> <span class='ocrx_word' id='word_1_130' title='bbox 912 3031 1000 3096; x_wconf 88' lang='lat' dir='ltr'><strong>quae</strong></span> <span class='ocrx_word' id='word_1_131' title='bbox 1013 3012 1055 3076; x_wconf 89' lang='lat' dir='ltr'><strong>ab</strong></span> <span class='ocrx_word' id='word_1_132' title='bbox 1066 3010 1239 3096; x_wconf 83' lang='lat' dir='ltr'><strong>Euphrate</strong></span> <span class='ocrx_word' id='word_1_133' title='bbox 1259 3006 1619 3075; x_wconf 80' lang='lat' dir='ltr'><strong>ducebanturiossam</strong></span> 
     </span>
     <span class='ocr_line' id='line_1_21' title="bbox 508 3126 1620 3215; baseline -0.009 -20"><span class='ocrx_word' id='word_1_134' title='bbox 508 3131 553 3195; x_wconf 89' lang='lat' dir='ltr'><strong>ab</strong></span> <span class='ocrx_word' id='word_1_135' title='bbox 572 3127 750 3215; x_wconf 79' lang='lat' dir='ltr'><strong>archetypi</strong></span> <span class='ocrx_word' id='word_1_136' title='bbox 769 3129 883 3195; x_wconf 87' lang='lat' dir='ltr'><strong>scriba</strong></span> <span class='ocrx_word' id='word_1_137' title='bbox 906 3148 981 3195; x_wconf 93' lang='lat' dir='ltr'><strong>cum</strong></span> <span class='ocrx_word' id='word_1_138' title='bbox 998 3150 1040 3196; x_wconf 87' lang='lat' dir='ltr'><strong>eo</strong></span> <span class='ocrx_word' id='word_1_139' title='bbox 1052 3129 1298 3215; x_wconf 80' lang='lat' dir='ltr'><strong>nomine‚quoi</strong></span> <span class='ocrx_word' id='word_1_140' title='bbox 1310 3126 1343 3192; x_wconf 90' lang='lat' dir='ltr'><strong>in</strong></span> <span class='ocrx_word' id='word_1_141' title='bbox 1359 3128 1518 3211; x_wconf 87' lang='lat' dir='ltr'><strong>proximo</strong></span> <span class='ocrx_word' id='word_1_142' title='bbox 1529 3138 1620 3187; x_wconf 78' lang='lat' dir='ltr'><strong>versu</strong></span> 
     </span>
     <span class='ocr_line' id='line_1_22' title="bbox 511 3238 1620 3335; baseline -0.01 -20"><span class='ocrx_word' id='word_1_143' title='bbox 511 3258 750 3334; x_wconf 78' lang='lat' dir='ltr'><strong>conspexerat,</strong></span> <span class='ocrx_word' id='word_1_144' title='bbox 770 3259 1004 3333; x_wconf 86' lang='lat' dir='ltr'><strong>permutatam.</strong></span> <span class='ocrx_word' id='word_1_145' title='bbox 1027 3248 1212 3335; x_wconf 79' lang='lat' dir='ltr'><strong>Hipporum</strong></span> <span class='ocrx_word' id='word_1_146' title='bbox 1235 3257 1390 3312; x_wconf 85' lang='lat' dir='ltr'><strong>vocatam</strong></span> <span class='ocrx_word' id='word_1_147' title='bbox 1410 3245 1524 3312; x_wconf 75' lang='lat' dir='ltr'><strong>fuisse</strong></span> <span class='ocrx_word' id='word_1_148' title='bbox 1543 3238 1620 3307; x_wconf 82' lang='lat' dir='ltr'><strong>reri·</strong></span> 
     </span>
     <span class='ocr_line' id='line_1_23' title="bbox 509 3358 1617 3455; baseline -0.007 -22"><span class='ocrx_word' id='word_1_149' title='bbox 509 3369 618 3437; x_wconf 85' lang='lat' dir='ltr'><strong>simile</strong></span> <span class='ocrx_word' id='word_1_150' title='bbox 641 3379 705 3447; x_wconf 91' lang='lat' dir='ltr'><strong>est,</strong></span> <span class='ocrx_word' id='word_1_151' title='bbox 728 3368 884 3455; x_wconf 88' lang='lat' dir='ltr'><strong>quoniam</strong></span> <span class='ocrx_word' id='word_1_152' title='bbox 905 3367 1021 3433; x_wconf 86' lang='lat' dir='ltr'><strong>ultima</strong></span> <span class='ocrx_word' id='word_1_153' title='bbox 1042 3370 1147 3435; x_wconf 82' lang='lat' dir='ltr'><strong>verb&#39;a</strong></span> <span class='ocrx_word' id='word_1_154' title='bbox 1170 3368 1213 3436; x_wconf 83' lang='lat' dir='ltr'><strong>ati</strong></span> <span class='ocrx_word' id='word_1_155' title='bbox 1234 3364 1335 3430; x_wconf 85' lang='lat' dir='ltr'><strong>aliam</strong></span> <span class='ocrx_word' id='word_1_156' title='bbox 1359 3367 1530 3450; x_wconf 85' lang='lat' dir='ltr'><strong>quandam</strong></span> <span class='ocrx_word' id='word_1_157' title='bbox 1551 3358 1617 3425; x_wconf 83' lang='lat' dir='ltr'><strong>civi·</strong></span> 
     </span>
     <span class='ocr_line' id='line_1_24' title="bbox 509 3475 1618 3572; baseline -0.008 -22"><span class='ocrx_word' id='word_1_158' title='bbox 509 3496 613 3551; x_wconf 87' lang='lat' dir='ltr'><strong>tatem</strong></span> <span class='ocrx_word' id='word_1_159' title='bbox 635 3485 692 3550; x_wconf 84' lang='lat' dir='ltr'><strong>vix</strong></span> <span class='ocrx_word' id='word_1_160' title='bbox 716 3485 872 3550; x_wconf 85' lang='lat' dir='ltr'><strong>videntur</strong></span> <span class='ocrx_word' id='word_1_161' title='bbox 893 3497 1084 3572; x_wconf 75' lang='lat' dir='ltr'><strong>spectasse.</strong></span> <span class='ocrx_word' id='word_1_162' title='bbox 1114 3486 1225 3552; x_wconf 84' lang='lat' dir='ltr'><strong>Aliter</strong></span> <span class='ocrx_word' id='word_1_163' title='bbox 1236 3482 1535 3571; x_wconf 81' lang='lat' dir='ltr'><strong>quidamseutiuut</strong></span> <span class='ocrx_word' id='word_1_164' title='bbox 1544 3475 1618 3542; x_wconf 84' lang='lat' dir='ltr'><strong>llor-</strong></span> 
     </span>
     <span class='ocr_line' id='line_1_25' title="bbox 511 3600 1618 3693; baseline -0.006 -24"><span class='ocrx_word' id='word_1_165' title='bbox 511 3605 643 3684; x_wconf 78' lang='lat' dir='ltr'><strong>doinus,</strong></span> <span class='ocrx_word' id='word_1_166' title='bbox 661 3604 717 3691; x_wconf 85' lang='lat' dir='ltr'><strong>qui</strong></span> <span class='ocrx_word' id='word_1_167' title='bbox 731 3601 914 3687; x_wconf 82' lang='lat' dir='ltr'><strong>Hipporum</strong></span> <span class='ocrx_word' id='word_1_168' title='bbox 934 3624 1010 3671; x_wconf 89' lang='lat' dir='ltr'><strong>cum</strong></span> <span class='ocrx_word' id='word_1_169' title='bbox 1024 3604 1205 3693; x_wconf 87' lang='lat' dir='ltr'><strong>Borsippa,</strong></span> <span class='ocrx_word' id='word_1_170' title='bbox 1225 3604 1416 3689; x_wconf 74' lang='lat' dir='ltr'><strong>Narragam</strong></span> <span class='ocrx_word' id='word_1_171' title='bbox 1434 3610 1513 3669; x_wconf 85' lang='lat' dir='ltr'><strong>cum</strong></span> <span class='ocrx_word' id='word_1_172' title='bbox 1521 3600 1618 3666; x_wconf 85' lang='lat' dir='ltr'><strong>Naar·</strong></span> 
     </span>
     <span class='ocr_line' id='line_1_26' title="bbox 510 3716 1617 3809; baseline -0.008 -19"><span class='ocrx_word' id='word_1_173' title='bbox 510 3728 600 3803; x_wconf 84' lang='lat' dir='ltr'><strong>sare,</strong></span> <span class='ocrx_word' id='word_1_174' title='bbox 623 3745 721 3809; x_wconf 86' lang='lat' dir='ltr'><strong>quem</strong></span> <span class='ocrx_word' id='word_1_175' title='bbox 734 3721 947 3788; x_wconf 84' lang='lat' dir='ltr'><strong>Ptolemaeus</strong></span> <span class='ocrx_word' id='word_1_176' title='bbox 958 3723 1002 3788; x_wconf 89' lang='lat' dir='ltr'><strong>V.</strong></span> <span class='ocrx_word' id='word_1_177' title='bbox 1014 3722 1068 3795; x_wconf 76' lang='lat'><strong>26.</strong></span> <span class='ocrx_word' id='word_1_178' title='bbox 1083 3725 1114 3791; x_wconf 84' lang='lat'><strong>6.</strong></span> <span class='ocrx_word' id='word_1_179' title='bbox 1137 3736 1172 3791; x_wconf 83' lang='lat' dir='ltr'><strong>ct</strong></span> <span class='ocrx_word' id='word_1_180' title='bbox 1190 3724 1388 3791; x_wconf 78' lang='lat' dir='ltr'><strong>Ammianus</strong></span> <span class='ocrx_word' id='word_1_181' title='bbox 1406 3716 1617 3788; x_wconf 81' lang='lat' dir='ltr'><strong>Marcellinus</strong></span> 
     </span>
     <span class='ocr_line' id='line_1_27' title="bbox 506 3837 1617 3938; baseline -0.002 -32"><span class='ocrx_word' id='word_1_182' title='bbox 506 3842 673 3908; x_wconf 55' lang='lat' dir='ltr'><strong>‘xxiiia</strong></span> <span class='ocrx_word' id='word_1_183' title='bbox 698 3851 971 3929; x_wconf 89' lang='lat' dir='ltr'><strong>commemorant,</strong></span> <span class='ocrx_word' id='word_1_184' title='bbox 995 3846 1200 3933; x_wconf 85' lang='lat' dir='ltr'><strong>composuit,</strong></span> <span class='ocrx_word' id='word_1_185' title='bbox 1231 3853 1266 3909; x_wconf 90' lang='lat' dir='ltr'><strong>et</strong></span> <span class='ocrx_word' id='word_1_186' title='bbox 1281 3837 1617 3938; x_wconf 25' lang='lat' dir='ltr'><strong>Mannertus&#39;lGeogr·</strong></span> 
     </span>
     <span class='ocr_line' id='line_1_28' title="bbox 512 3938 1617 4050; baseline 0.006 -24"><span class='ocrx_word' id='word_1_187' title='bbox 512 3932 795 4047; x_wconf 57' lang='lat' dir='ltr'><strong>volutantis.</strong></span> <span class='ocrx_word' id='word_1_188' title='bbox 819 3981 861 4025; x_wconf 92' lang='lat' dir='ltr'><strong>ac</strong></span> <span class='ocrx_word' id='word_1_189' title='bbox 881 3958 1033 4027; x_wconf 89' lang='lat' dir='ltr'><strong>Ritterus</strong></span> <span class='ocrx_word' id='word_1_190' title='bbox 1055 3961 1181 4050; x_wconf 86' lang='lat' dir='ltr'><strong>Geogr.</strong></span> <span class='ocrx_word' id='word_1_191' title='bbox 1202 3962 1272 4029; x_wconf 89' lang='lat' dir='ltr'><strong>vol.</strong></span> <span class='ocrx_word' id='word_1_192' title='bbox 1284 3939 1326 4028; x_wconf 73' lang='lat' dir='ltr'>X</span> <span class='ocrx_word' id='word_1_193' title='bbox 1340 3985 1377 4049; x_wconf 84' lang='lat' dir='ltr'><strong>p.</strong></span> <span class='ocrx_word' id='word_1_194' title='bbox 1390 3938 1463 4043; x_wconf 64' lang='lat' dir='ltr'><strong>liti,</strong></span> <span class='ocrx_word' id='word_1_195' title='bbox 1482 3979 1537 4049; x_wconf 75' lang='lat' dir='ltr'><strong>qul</strong></span> <span class='ocrx_word' id='word_1_196' title='bbox 1549 3951 1617 4033; x_wconf 82' lang='lat' dir='ltr'><strong>Hip</strong></span> 
     </span>
     <span class='ocr_line' id='line_1_29' title="bbox 515 4066 1616 4169; baseline -0.009 -28"><span class='ocrx_word' id='word_1_197' title='bbox 515 4066 632 4163; x_wconf 82' lang='lat' dir='ltr'><strong>param</strong></span> <span class='ocrx_word' id='word_1_198' title='bbox 655 4082 697 4146; x_wconf 90' lang='lat' dir='ltr'><strong>ab</strong></span> <span class='ocrx_word' id='word_1_199' title='bbox 711 4082 887 4148; x_wconf 86' lang='lat' dir='ltr'><strong>Ammiano</strong></span> <span class='ocrx_word' id='word_1_200' title='bbox 899 4081 1125 4166; x_wconf 85' lang='lat' dir='ltr'><strong>Macepracta</strong></span> <span class='ocrx_word' id='word_1_201' title='bbox 1146 4081 1310 4169; x_wconf 86' lang='lat' dir='ltr'><strong>appellari</strong></span> <span class='ocrx_word' id='word_1_202' title='bbox 1332 4081 1532 4147; x_wconf 80' lang='lat' dir='ltr'><strong>siveurbem</strong></span> <span class='ocrx_word' id='word_1_203' title='bbox 1543 4072 1616 4137; x_wconf 84' lang='lat' dir='ltr'><strong>Nar·</strong></span> 
     </span>
    </p>

    <p class='ocr_par' dir='ltr' id='par_1_4' title="bbox 478 4198 1615 4627">
     <span class='ocr_line' id='line_1_30' title="bbox 511 4198 1615 4287; baseline -0.003 -24"><span class='ocrx_word' id='word_1_204' title='bbox 511 4215 629 4279; x_wconf 82' lang='lat' dir='ltr'><strong>ragam</strong></span> <span class='ocrx_word' id='word_1_205' title='bbox 658 4198 792 4266; x_wconf 89' lang='lat' dir='ltr'><strong>Graece</strong></span> <span class='ocrx_word' id='word_1_206' title='bbox 821 4220 1025 4269; x_wconf 87' lang='lat' dir='ltr'><strong>conversam</strong></span> <span class='ocrx_word' id='word_1_207' title='bbox 1059 4210 1160 4287; x_wconf 87' lang='lat' dir='ltr'><strong>atque</strong></span> <span class='ocrx_word' id='word_1_208' title='bbox 1194 4200 1273 4267; x_wconf 88' lang='lat' dir='ltr'><strong>alibi</strong></span> <span class='ocrx_word' id='word_1_209' title='bbox 1298 4200 1438 4265; x_wconf 84' lang='lat' dir='ltr'><strong>Naarda</strong></span> <span class='ocrx_word' id='word_1_210' title='bbox 1469 4201 1615 4263; x_wconf 71' lang='lat' dir='ltr'><strong>vocatam</strong></span> 
     </span>
     <span class='ocr_line' id='line_1_31' title="bbox 478 4287 1612 4404; baseline 0 -27"><span class='ocrx_word' id='word_1_211' title='bbox 478 4287 482 4324; x_wconf 65' lang='lat'><strong>⁵</strong></span> <span class='ocrx_word' id='word_1_212' title='bbox 511 4313 648 4401; x_wconf 84' lang='lat' dir='ltr'><strong>intelligi</strong></span> <span class='ocrx_word' id='word_1_213' title='bbox 661 4316 854 4387; x_wconf 86' lang='lat' dir='ltr'><strong>voluerunt:</strong></span> <span class='ocrx_word' id='word_1_214' title='bbox 870 4292 1058 4404; x_wconf 80' lang='lat' dir='ltr'><strong>Narragam</strong></span> <span class='ocrx_word' id='word_1_215' title='bbox 1072 4321 1159 4386; x_wconf 90' lang='lat' dir='ltr'><strong>euim</strong></span> <span class='ocrx_word' id='word_1_216' title='bbox 1171 4342 1245 4387; x_wconf 87' lang='lat' dir='ltr'><strong>earn</strong></span> <span class='ocrx_word' id='word_1_217' title='bbox 1259 4320 1387 4388; x_wconf 85' lang='lat' dir='ltr'><strong>fossam</strong></span> <span class='ocrx_word' id='word_1_218' title='bbox 1408 4316 1515 4384; x_wconf 86' lang='lat' dir='ltr'><strong>fuisse</strong></span> <span class='ocrx_word' id='word_1_219' title='bbox 1536 4319 1612 4395; x_wconf 82' lang='lat' dir='ltr'><strong>quae</strong></span> 
     </span>
     <span class='ocr_line' id='line_1_32' title="bbox 514 4433 1613 4525; baseline -0.002 -29"><span class='ocrx_word' id='word_1_220' title='bbox 514 4433 556 4496; x_wconf 87' lang='lat' dir='ltr'><strong>ad</strong></span> <span class='ocrx_word' id='word_1_221' title='bbox 578 4437 840 4519; x_wconf 86' lang='lat' dir='ltr'><strong>septentrionem</strong></span> <span class='ocrx_word' id='word_1_222' title='bbox 861 4436 1108 4507; x_wconf 89' lang='lat' dir='ltr'><strong>Naarmalchae</strong></span> <span class='ocrx_word' id='word_1_223' title='bbox 1129 4441 1194 4505; x_wconf 87' lang='lat' dir='ltr'><strong>sita</strong></span> <span class='ocrx_word' id='word_1_224' title='bbox 1222 4437 1313 4525; x_wconf 84' lang='lat' dir='ltr'><strong>apud</strong></span> <span class='ocrx_word' id='word_1_225' title='bbox 1333 4436 1540 4504; x_wconf 78' lang='lat' dir='ltr'><strong>Ammianom</strong></span> <span class='ocrx_word' id='word_1_226' title='bbox 1558 4440 1613 4488; x_wconf 77' lang='lat'><strong>11⁰·</strong></span> 
     </span>
     <span class='ocr_line' id='line_1_33' title="bbox 512 4544 1614 4627; baseline -0.016 -10"><span class='ocrx_word' id='word_1_227' title='bbox 512 4550 600 4617; x_wconf 84' lang='lat' dir='ltr'><strong>minc</strong></span> <span class='ocrx_word' id='word_1_228' title='bbox 621 4549 688 4618; x_wconf 86' lang='lat' dir='ltr'><strong>non</strong></span> <span class='ocrx_word' id='word_1_229' title='bbox 711 4555 825 4622; x_wconf 79' lang='lat' dir='ltr'><strong>addito</strong></span> <span class='ocrx_word' id='word_1_230' title='bbox 847 4548 1021 4623; x_wconf 78' lang='lat' dir='ltr'><strong>indicatur.</strong></span> <span class='ocrx_word' id='word_1_231' title='bbox 1055 4556 1179 4625; x_wconf 82' lang='lat' dir='ltr'><strong>Verum</strong></span> <span class='ocrx_word' id='word_1_232' title='bbox 1200 4561 1265 4627; x_wconf 85' lang='lat' dir='ltr'><strong>etsi</strong></span> <span class='ocrx_word' id='word_1_233' title='bbox 1285 4551 1539 4625; x_wconf 80' lang='lat' dir='ltr'><strong>concedendum</strong></span> <span class='ocrx_word' id='word_1_234' title='bbox 1556 4544 1614 4610; x_wconf 87' lang='lat' dir='ltr'><strong>est,</strong></span> 
     </span>
    </p>
   </div>
   <div class='ocr_carea' id='block_1_4' title="bbox 0 0 1858 5625">
    <p class='ocr_par' dir='ltr' id='par_1_5' title="bbox 0 0 1858 5625">
     <span class='ocr_line' id='line_1_34' title="bbox 0 0 1858 5625; baseline 0 0"><span class='ocrx_word' id='word_1_235' title='bbox 0 0 1858 5625; x_wconf 95' lang='lat' dir='ltr'><strong> </strong></span> 
     </span>
    </p>
   </div>
  </div>
 </body>
</html>
