3700 5625
706 562 807 632 noer
825 562 885 631 11.
1310 566 1352 635 le

322 752 431 827 Quum
444 748 561 816 ιιΙιὶιιιιι
571 748 677 815 verba
691 746 871 817 manifesto
894 750 938 815 cd
960 749 994 817 id
1006 760 1138 837 tempus
1149 752 1349 839 pertineant,

251 892 305 958 quo
316 889 433 935 saxum
448 868 491 933 de
502 866 600 934 coelo
612 867 785 953 delapsum
799 880 851 933 est
862 868 1157 957 (cssl'lutlysdii,
1167 883 1200 937 et
1209 872 1351 963 interpp.

252 990 285 1055 ad
297 987 415 1055 Chron.
429 987 511 1055 Par.
525 1006 579 1071 ep.
591 986 666 1071 51),
693 986 739 1051 itu
759 996 796 1052 ut
816 1008 905 1053 nunc
926 988 1058 1075 quidem
1079 987 1234 1076 leguntur
1254 991 1350 1059 solve

251 1118 403 1175 structura
424 1125 593 1171 essenon
616 1115 738 1191 potest.
771 1106 891 1193 Neque
903 1104 1082 1173 verisimile
1098 1108 1267 1176 estverba
1281 1108 1351 1199 Qui

251 1222 472 1315 lupis-adusto
494 1235 614 1308 posteo
628 1244 648 1287 a
663 1222 770 1288 Plinio
791 1225 932 1311 margini
955 1226 1128 1312 adscripta
1140 1248 1231 1311 esse,
1248 1251 1348 1317 quum

250 1346 323 1411 lenc
344 1345 481 1431 quidem
502 1345 617 1429 operis
640 1353 769 1429 purtem
791 1344 866 1429 ipse
884 1342 1001 1429 procul
1022 1345 1120 1412 dubio
1142 1346 1293 1428 ediderit,
1314 1356 1350 1415 et

250 1465 333 1550 ponci
342 1461 409 1529 loci
424 1462 474 1527 ita
484 1471 610 1529 tuntum
621 1460 758 1548 intelligi
772 1480 813 1527 ac
829 1461 965 1529 defendi
978 1463 1119 1546 possint,
1135 1476 1172 1531 ut
1183 1476 1262 1551 post
1274 1466 1348 1534 eius

251 1582 389 1649 obitnmo
403 1581 558 1665 margine
570 1581 604 1648 in
623 1581 786 1649 orationis
803 1590 998 1649 contextum
1019 1582 1149 1666 recepti
1162 1582 1347 1652 videantur.

250 1700 298 1767 llis
316 1697 453 1766 accedit
475 1699 569 1786 quod
588 1696 736 1787 reliquos
755 1720 889 1788 quoque
908 1697 1041 1783 lapides
1068 1718 1130 1764 sua
1152 1712 1265 1769 aetate
1288 1724 1347 1773 ex·

251 1829 325 1885 stare
345 1829 513 1883 accurate
533 1818 692 1884 nouauit.
734 1818 850 1905 ltaque
871 1806 1023 1903 preestet
1044 1816 1088 1879 ud
1110 1822 1348 1907 transpositio-

251 1958 310 2003 uen
330 1936 519 2022 confugere
541 1934 720 2023 locumque
742 1936 791 2003 ito
811 1934 1034 2002 constituere:
1269 1920 1271 1927 ’

282 2049 634 2145 -αᾶΑοςοιῙῐιιιιισιι,
655 2062 776 2120 comete
795 2076 922 2151 quoquse
942 2052 1007 2117 illis
1017 2051 1164 2121 noctibus
1171 2052 1347 2148 flagrante.

283 2174 346 2262 Qui
363 2174 448 2263 lupis
469 2172 531 2239 rel.

252 2293 389 2359 Similiter
398 2295 430 2381 §.
440 2292 514 2358 133.
525 2293 661 2378 priores
681 2307 805 2358 sensus
821 2280 1044 2377 praepostero
1064 2291 1182 2359 ordine
1193 2290 1261 2380 legi
1275 2292 1347 2360 Pin·

252 2413 342 2480 tinus
361 2411 503 2479 monuit.

650 2528 931 2623 m=nu.
1347 2536 1406 2604 ,ι

291 2682 398 2759 llinnt
420 2693 547 2759 nutem
577 2682 735 2783 (armus)
766 2678 889 2755 hieme
914 2679 1074 2756 maxime
1102 2684 1147 2756 ab
1174 2680 1347 2781 aequino-

290 2821 354 2896 ctio
374 2819 580 2896 antumnali
607 2819 673 2894 die
691 2817 957 2912 decrescente3
990 2844 1062 2920 quo
1089 2844 1220 2895 rursus
1247 2843 1347 2899 cres·

291 2970 389 3034 cente
405 2960 454 3033 ab
468 2954 702 3056 aequinoctio
716 2979 832 3033 verno
852 2980 927 3030 non
952 2956 1136 3032 exsistunt
1157 2981 1228 3032 nec
1247 2955 1347 3034 circu

290 3094 484 3170 solstitium
503 3091 722 3193 longisssimi
749 3090 893 3187 diebus,
920 3094 1048 3169 bruma
1068 3118 1159 3169 vero
1183 3091 1347 3195 [idest

289 3227 607 3332 brevissimis]
634 3229 862 3328 frequentes.

319 3381 375 3446 Sic
401 3402 422 3446 e
452 3381 528 3448 cod.
547 3349 584 3448 R*
601 3377 767 3465 sturgio,
796 3378 831 3444 in
856 3378 902 3442 od
929 3388 964 3444 et
994 3378 1131 3464 vulgutc
1153 3377 1348 3446 muscinis

256 3493 346 3564 licius
363 3499 500 3586 legitur.
547 3499 734 3583 Utrumque
754 3497 854 3564 falso.
905 3495 992 3564 Num
1014 3519 1113 3584 quum
1135 3497 1261 3566 Plinius
1282 3497 1348 3564 ele·
1407 3595 1411 3603 Ι

257 3629 352 3695 gauter
373 3631 410 3688 et
431 3621 613 3705 perspicue
636 3619 825 3685 orationem
845 3615 893 3686 itu
912 3617 1108 3702 sedaverit,
1132 3628 1169 3684 ut
1189 3617 1346 3705 longissi-

256 3751 312 3801 nos
331 3739 402 3806 dies
426 3739 522 3814 circa
542 3735 720 3816 solstitium
747 3737 884 3802 brumae
905 3746 1106 3821 opponeret,
1127 3735 1347 3819 interpolator

257 3869 312 3920 rens
330 3855 637 3943 udiecteglossulo
657 3854 721 3940 „id
739 3863 787 3920 est
802 3853 998 3920 trecesimo
1019 3853 1158 3920 diebus“
1177 3851 1346 3918 illustran-

259 3967 316 4036 dun
336 3995 414 4052 esse
435 3976 618 4043 arbitratus
640 3983 701 4044 est.
743 3975 773 4060 ᾗ.
786 3973 858 4042 157.
879 3986 938 4042 out
961 3995 1035 4042 cum
1047 3969 1249 4040 Ruhnkenio
1270 3964 1347 4057 effo-

259 4084 331 4152 ditur
350 4105 405 4160 ant
427 4095 562 4198 eruitur
579 4093 793 4160 scribendum
815 4102 878 4160 est.

649 4246 932 4342 1u=un.
1353 4252 1407 4333 ‚n

295 4392 456 4500 Namque
475 4397 515 4472 in
535 4396 597 4510 illo
620 4397 771 4502 (coelo)
799 4422 887 4476 cavo
907 4398 947 4472 in
970 4421 1012 4471 se
1026 4397 1255 4476 convexitas
1266 4423 1349 4474 ver-

295 4530 343 4628 git
367 4545 405 4610 et
429 4533 570 4612 cardini
595 4561 664 4613 cuo
696 4534 805 4638 [hoc
836 4543 907 4610 est
939 4531 1117 4637 terrae]
1152 4533 1348 4644 incumbit3
1441 4561 1445 4576 ·

1092 4683 1139 4746 Ἠ
