3700 5625
741 725 939 802 ninam.
1085 691 1092 702 ’
1265 703 1392 790 '23

298 918 515 1006 transponendi
544 917 720 1002 pariendum
746 881 822 984 fauit
850 918 1004 984 laudabili
1039 918 1187 998 oonsilio,
1223 919 1311 983 exitu
1332 920 1390 984 im·

298 1054 447 1123 prospero.
490 1036 576 1100 Dum
609 1037 693 1101 euim
726 1056 822 1102 voees
857 1056 885 1117 ,e
917 1036 1032 1122 quibus
1077 1035 1220 1100 detracto
1263 1038 1391 1102 eortioe‘
1462 1070 1470 1076 ·

296 1155 438 1240 proximis
467 1161 511 1237 ,et
544 1154 688 1240 teffrlum
711 1158 908 1241 togatosque‘
935 1154 1120 1239 praemittit,
1145 1155 1323 1218 contortula
1343 1157 1390 1218 in·

296 1271 513 1358 terpretatione
533 1271 677 1358 tegulum
698 1272 841 1358 plantam
864 1292 935 1336 osse
950 1273 1027 1354 vult,
1049 1273 1131 1358 quae
1143 1259 1269 1358 proprie
1281 1271 1390 1358 tagulo

296 1398 323 1454 et
342 1388 499 1492 tegetibus
526 1387 570 1453 sit
591 1388 760 1453 destinata.
805 1391 849 1454 At
870 1410 946 1455 vero
969 1411 1033 1454 vox
1054 1388 1219 1494 ,tegulum‘
1246 1386 1391 1452 inaudita
1446 1370 1448 1376 ¹

296 1507 365 1572 alias
395 1505 539 1571 simodo
563 1506 683 1592 aliquid
705 1507 878 1592 signifieat,
908 1514 1059 1594 tegumen
1081 1506 1156 1571 teeti
1177 1504 1228 1571 vel
1250 1505 1390 1590 tegulam
1486 1565 1497 1574 ‚

295 1624 465 1710 signifioare
476 1624 620 1710 putanda
632 1632 696 1689 ast:
717 1625 961 1691 Pliniusautem
976 1625 1122 1690 detectis
1137 1623 1168 1691 h.
1184 1624 1204 1688 l.
1219 1630 1391 1709 propterea
1416 1612 1421 1656 ·'
1459 1613 1463 1622 '

293 1762 350 1806 non
371 1743 447 1828 agit,
470 1743 621 1828 quoniam
637 1743 745 1808 statim
758 1744 897 1829 mapalia
910 1743 1093 1808 Maurorum
1110 1729 1338 1808 commemorat
1359 1747 1392 1806 et

295 1859 435 1944 quoniam
459 1859 599 1924 firmiore
630 1860 765 1925 materia
798 1881 894 1946 quam
926 1860 1092 1946 fragilibus
1121 1859 1233 1944 scirpis
1266 1857 1307 1923 ad
1335 1858 1391 1923 illa

294 1977 429 2062 tegenda
445 1998 526 2064 opus
556 1997 627 2042 esse
649 1981 720 2063 ipse
743 1960 889 2052 affirmat.
932 1978 1046 2065 ltaque
1079 1978 1193 2042 litteris
1227 1982 1271 2054 ,et
1297 1982 1389 2061 tagu-

292 2093 359 2158 lum‘
381 2094 485 2159 simile
508 2094 636 2182 aliquod
659 2101 801 2180 tegetum
822 2096 1012 2160 vocabulum
1035 2096 1236 2160 contineatur
1257 2113 1390 2158 neeesse

293 2219 344 2276 ast
386 2210 482 2286 Quod
513 2212 606 2298 quale
639 2212 737 2278 fuerit
765 2233 782 2276 e
811 2216 924 2300 papyri
953 2235 1048 2300 quam
1078 2213 1155 2278 dioit
1183 2211 1390 2276 similitudine

291 2329 377 2394 facile
399 2328 597 2415 colligemus.
639 2331 723 2395 Nam
752 2331 961 2418 quumXIII.
984 2333 1024 2401 72
1056 2338 1181 2418 tegetes
1210 2327 1242 2396 st
1264 2336 1390 2408 restem

282 2435 460 2534 ‘annulum
482 2467 500 2511 e
523 2468 644 2533 papyro
666 2449 733 2513 texi
756 2452 947 2534 narraverit,
980 2449 1033 2514 hio
1062 2470 1188 2537 quoque
1216 2449 1391 2534 stragulam
1498 2489 1503 2500 »

200 2560 201 2607 l
292 2566 466 2630 nominasse
488 2563 649 2650 putandus
672 2571 731 2630 est.
776 2572 816 2630 Et
839 2575 968 2645 rapulam
996 2568 1092 2653 igitur
1113 2569 1243 2634 omnino
1265 2572 1391 2632 mutan·

200 2702 201 2705 ’
293 2684 362 2748 dum
383 2703 501 2747 aeuseo
523 2683 557 2746 iu
577 2691 753 2761 stropulum.
796 2684 881 2748 Huio
904 2687 997 2772 quasi
1024 2686 1233 2750 fundamento
1263 2685 1391 2767 innitor,

295 2821 359 2864 oum
376 2797 413 2865 ’et
440 2820 514 2863 oum
536 2800 658 2886 Silligio
680 2801 886 2866 relativume
912 2809 1020 2883 quibus
1051 2801 1324 2888 transponendum
1360 2808 1392 2867 et
1424 2850 1428 2873 ι

295 2926 362 3004 post
381 2919 513 2983 verbum
539 2922 748 3006 ,tegetesque‘
772 2922 986 3006 supplendum
1008 2943 1080 2987 esse
1102 2920 1261 2986 contendo
1284 2932 1391 2985 texun-

294 3036 455 3118 tnrsquod
478 3058 551 3100 oum
574 3039 606 3100 in
629 3036 739 3101 codiee
761 3039 934 3126 archetypo
958 3061 1021 3104 non
1044 3043 1215 3124 reperiret,
1244 3039 1391 3103 librarius

295 3155 344 3239 qui
364 3162 546 3219 nostrorum
566 3154 718 3219 librorum
741 3163 852 3227 auctor
872 3157 933 3224 fuit
954 3158 1122 3223 relativum
1150 3176 1208 3219 suo
1230 3155 1300 3219 looo
1324 3177 1391 3220 mo·
1483 3232 1487 3241 .

294 3272 344 3337 vit.
384 3270 594 3336 Soribeudum
618 3278 667 3335 est
687 3273 801 3358 igitur:

200 3441 201 3488 1
329 3394 540 3470 palrsatresque,
557 3410 575 3452 e
593 3396 701 3469 prtinus·
719 3398 887 3469 stroqrrlnm
910 3404 1078 3469 repetasque
1092 3362 1235 3455 (exuatur
1256 3394 1392 3454 detracto
1480 3420 1483 3427 ¹

333 3513 444 3575 aornim
465 3507 520 3571 rel.

684 3688 754 3761 194
780 3708 821 3739 =
847 3690 913 3773 39,
942 3692 1001 3761 75.
1099 3756 1101 3761 .

338 3832 1394 3933 ffifflmfflmswnmfflmmmmmmffi

339 3965 552 4059 mm&

295 4098 411 4163 Plinius
432 4096 553 4162 albert
576 4097 705 4184 quidem
716 4098 743 4181 ἓ.
757 4096 1024 4165 immansionem
1045 4095 1176 4178 iecerat,
1198 4096 1255 4162 sed
1279 4096 1394 4161 deinde

296 4216 462 4296 Duellium,
485 4214 678 4301 Scipionem,
700 4214 858 4281 Catonern
880 4216 1148 4279 commemoravit.
1182 4196 1232 4279 H.
1255 4216 1275 4279 l.
1298 4216 1395 4301 igitur

296 4352 353 4396 non
374 4338 463 4415 idem,
482 4332 545 4397 sed
565 4338 633 4396 item
654 4331 827 4417 legendum
850 4333 918 4396 erit.

570 4585 573 4603 ,
684 4514 753 4586 195
782 4531 821 4560 =
849 4512 906 4597 ao,
935 4513 993 4596 rr,
1050 4576 1058 4591 ,

342 4616 1475 4758 ΜΜΜΜΜωΜωωΨωψ”
1577 4692 1586 4705 ·
