3700 5625
727 771 816 834 teter
838 772 930 836 tri.
1316 769 1375 836 111

214 1024 215 1027 ,
287 967 356 1050 μετὰ
388 967 512 1050 πολλᾶς
540 965 724 1053 πυρώσεως
750 991 779 1032 a.
799 989 829 1031 r.
849 967 880 1032 λ.
942 963 1015 1038 Qua
1044 983 1115 1030 cum
1149 963 1244 1030 Plinii
1271 963 1377 1030 verbis

286 1090 460 1167 comparata
495 1083 628 1167 primum
664 1082 829 1167 Syriacum
861 1083 992 1148 iuncum
1028 1101 1090 1148 non
1123 1082 1377 1163 commemorari,

286 1199 390 1269 deinde
418 1219 484 1268 nou
505 1199 707 1266 Nabataeum
751 1198 810 1264 sed
841 1199 1053 1288 Babylonium
1084 1197 1238 1266 teuchitin
1269 1198 1377 1262 vocari

214 1360 215 1401 i
285 1316 444 1402 intelliges.
507 1315 601 1402 Syria
630 1323 738 1382 autem
773 1317 887 1381 latiore
914 1335 1012 1380 sensu
1049 1317 1153 1400 priore
1182 1309 1279 1382 Pli'nii
1306 1315 1376 1380 loco

214 1416 215 1441 ¹
285 1433 479 1520 intelligitur,
519 1432 574 1498 ubi
607 1431 863 1517 Theophrastum
889 1434 989 1500 lxo
1026 1439 1190 1500 auctorem
1225 1433 1377 1518 sequitur,

214 1616 215 1621 ,
285 1558 382 1616 nostro
396 1548 714 1621 locoNabataeorurn
735 1536 1006 1636 dnidmae'genm
1023 1569 1141 1616 nomen
1163 1550 1193 1612 ei
1214 1549 1377 1616 substitui·

285 1674 336 1730 tor.
377 1669 491 1751 ltaque
513 1666 649 1732 eundem
676 1674 847 1751 utrumque
875 1667 1005 1732 iuncum
1037 1688 1100 1732 non
1123 1667 1283 1732 diversum
1306 1685 1378 1730 ease

285 1785 435 1851 sententia
456 1784 511 1848 illa
532 1802 614 1868 quae
636 1790 708 1866 poet
728 1783 967 1850 Nabataeorum
990 1803 1106 1848 nomen
1127 1783 1298 1850 inserenda
1319 1791 1378 1864 eet,

214 1880 215 1919 1
285 1901 478 1986 significatur.
524 1900 647 1966 Deinde
688 1900 854 1990 teuchitis'
870 1902 1054 1967 necessario
1095 1922 1166 1966 cum
1201 1900 1378 1985 Babylonio

285 2019 366 2082 iunco
392 2019 604 2104 coniungitur.
648 2018 815 2084 Postremo
843 2018 966 2106 Plinius
997 2018 1113 2082 sinceri
1140 2019 1234 2102 signa
1264 2038 1378 2104 sapore

214 2152 215 2192 i
286 2135 370 2199 odore
392 2134 500 2198 colore
521 2136 677 2209 contineri
698 2136 835 2202 monuit:
865 2136 974 2224 itaque
996 2155 1077 2225 quae
1106 2134 1193 2222 apud
1214 2133 1377 2200 Dioscori-

286 2252 347 2314 dem
366 2260 634 2318 commemoratur
662 2253 873 2334 mordacitas,
901 2253 988 2338 apud
1010 2253 1148 2316 Plinium
1174 2253 1287 2316 vinoso
1314 2272 1378 2318 uon

214 2354 215 2427 l
286 2378 327 2432 eet
352 2369 410 2435 sed
438 2370 593 2434 acerrima
614 2371 634 2434 i.
658 2390 686 2434 e.
709 2371 825 2434 virosa
867 2370 982 2434 Totum
1011 2370 1107 2454 igitur
1135 2370 1238 2434 locum
1272 2371 1303 2434 in
1328 2391 1377 2434 ar-

214 2454 215 2479 1
285 2485 409 2571 chetypo
433 2487 593 2550 sententia
614 2508 697 2572 quoe
719 2488 759 2551 ad
783 2511 811 2551 v.
836 2494 1023 2552 Nabataeum
1054 2488 1232 2574 pertinebat
1253 2509 1271 2551 e
1293 2508 1377 2552 mar·

286 2604 348 2686 gine
369 2604 410 2667 ad
437 2595 468 2668 e.
490 2610 626 2668 dicentur
648 2605 731 2671 male
759 2607 915 2671 translata
938 2609 1127 2689 corruptum
1143 2608 1187 2671 sic
1210 2608 1377 2670 restituen-

214 2784 215 2801 χ
286 2722 348 2786 dum
370 2742 444 2786 ease
468 2743 603 2786 censeo:
737 2701 740 2705 ²
830 2713 834 2718 ’

317 2884 354 2895 -
375 2847 520 2905 dicemur.
564 2846 801 2909 laudatissimae
822 2863 861 2905 ex
889 2848 1065 2924 Nabataea,
1086 2850 1226 2923 qnoniam
1255 2882 1285 2889 —
1309 2866 1378 2907 nne-

215 2983 216 3050 }
317 2966 406 3039 citur,
434 2965 594 3038 proximas
623 2953 813 3042 sartionem*
840 2966 1015 3038 contamine
1053 2967 1248 3036 tentabitis,
1283 2970 1377 3041 persi·

215 3139 216 3170 Υ
319 3099 380 3140 mar
396 3115 433 3124 -
460 3081 570 3139 odore:
592 3096 617 3139 e.
638 3100 666 3140 a.
690 3083 851 3146 rotundas.
874 3087 995 3141 virosae
1016 3085 1110 3147 mord.
1133 3102 1162 3143 a.
1185 3086 1203 3143 l.
1226 3080 1283 3144 rel.

356 3194 392 3257 In
415 3195 560 3279 proximo
583 3215 679 3257 sensu
701 3194 800 3258 verba
822 3207 851 3257 et
871 3204 1048 3275 sanquinem
1077 3194 1209 3264 ecodd.
1232 3197 1337 3261 aliena
1359 3217 1377 3259 e

284 3310 465 3377 Dioscoride
485 3312 678 3397 interpolata
699 3319 783 3375 sunt.
863 3351 866 3358 ⁴

460 3453 529 3524 139
545 3452 718 3537 :2⁰,82.
754 3448 823 3541 (de
850 3457 1184 3559 crocomagmate).
1396 3460 1459 3527 466

281 3682 286 3689 ¹
324 3624 363 3635 —
399 3581 516 3691 Magis
557 3578 752 3657 excalfacit
778 3604 886 3680 quam
924 3606 1076 3661 erocum
1104 3586 1242 3687 ipsum;
1283 3584 1378 3687 opti·
1419 3598 1422 3602 ’

322 3738 417 3790 mum
444 3712 545 3814 quod
571 3720 722 3812 gustatu
748 3714 900 3790 salivam
929 3718 1136 3815 dentesque
1163 3717 1286 3794 inficit.

357 3842 511 3909 Codicum
531 3846 719 3931 scripturam
748 3846 801 3932 qui
823 3848 893 3911 voci
917 3856 1098 3933 postremae
1128 3854 1223 3928 maqir
1246 3848 1374 3934 (de)

281 3959 324 4021 vel
345 3969 474 4025 inarime
497 3962 562 4041 (R)
584 3965 805 4057 praemittunt,
826 3964 985 4029 immerito
1010 3966 1110 4032 asin.
1126 3974 1264 4051 spretam
1280 3968 1376 4030 lanus

281 4084 359 4141 recte
382 4088 511 4144 secutus
537 4088 602 4144 est:
637 4090 770 4145 eatenus
794 4080 833 4144 eb
857 4103 895 4145 eo
919 4082 1073 4146 dissentio
1096 4085 1180 4167 quod
1203 4105 1267 4147 non
1290 4084 1374 4147 idem

282 4194 359 4273 quod
389 4196 485 4281 paulo
519 4218 616 4284 supra
638 4199 755 4285 legitur
781 4198 970 4263 vocobulum
1003 4207 1114 4284 mauis,
1158 4202 1214 4266 sed
1249 4210 1378 4266 maxime

284 4305 435 4395 (ἰσχυρῶς
456 4314 542 4400 apud
564 4314 672 4381 Dicae.
696 4318 720 4381 l.
741 4301 955 4403 26ireoipi0.

559 4446 817 4545 145‡20,84.
860 4454 929 4545 (de
958 4454 1094 4557 polio).
1399 4498 1461 4566 457

328 4574 427 4658 Polio
454 4583 624 4663 Musaeus
662 4596 699 4663 et
724 4585 912 4663 Hesiodus
946 4591 1129 4691 perungui
1155 4590 1303 4686 iubeot;
1327 4636 1375 4651 -—
1401 4634 1408 4660 ι

330 4711 458 4805 polium
492 4719 636 4795 tractari
667 4762 710 4782 «-
736 4762 783 4781 -
810 4721 967 4819 portari,
1005 4723 1044 4797 in
1083 4727 1168 4803 vino
1213 4726 1375 4826 decoqui
