3700 5625
695 755 788 821 Liber
807 756 845 816 X
848 756 935 816 VIII.
1323 752 1366 821 49

423 961 458 1016 ut
477 955 606 1028 (lilim
625 960 654 1014 le
672 956 773 1016 vicini.

344 1068 448 1152 Supra
468 1066 499 1152 S.
521 1065 562 1134 29
583 1073 686 1148 cmii,
705 1088 802 1153 quum
833 1067 951 1154 ubique
980 1087 1134 1153 praeseus
1162 1073 1288 1152 tempus
1318 1087 1366 1132 re-

269 1183 415 1268 periatur,
436 1183 471 1247 in
493 1194 576 1247 curet
595 1183 785 1249 mutandum
808 1203 882 1248 esse
903 1184 1049 1248 arbitror.

712 1354 759 1426 47
786 1378 819 1408 =
847 1351 918 1441 6,8.
1387 1379 1450 1447 340

313 1497 533 1576 Umidiorem
570 1521 699 1598 agrum
735 1485 849 1577 fossis
891 1498 1039 1576 concidi
1077 1505 1188 1598 atque
1234 1499 1366 1574 siccari

309 1628 542 1708 utilissimum
569 1636 637 1722 est,
663 1630 786 1708 fossas
811 1638 936 1708 autem
958 1631 1113 1708 cretosis
1140 1629 1233 1708 locis
1260 1653 1366 1729 aper·

308 1769 360 1838 tas
387 1760 563 1861 relinqui,
600 1763 638 1838 in
665 1763 844 1842 solutiore
883 1769 980 1839 terra
1012 1763 1188 1863 saepibus
1222 1762 1365 1851 firmari,
1425 1825 1434 1840 .

310 1892 475 1971 declives
500 1894 715 1972 imbricibus
741 1902 804 1972 aut
828 1896 971 1996 supinis
998 1894 1174 2002 lateribus
1196 1918 1367 1996 procum-

308 2026 405 2117 bere,
433 2027 612 2125 quasdam
640 2029 832 2104 occaecari
857 2027 923 2104 rel.

340 2161 391 2223 Ita
414 2158 556 2244 Silligius
587 2159 751 2245 vulgatam
784 2160 955 2225 lectionem
983 2164 1102 2237 &maii
1133 2177 1172 2222 ua
1202 2161 1368 2238 procidam

269 2287 316 2338 out
345 2275 401 2339 rel.
428 2276 584 2357 mutavit,
627 2297 645 2340 e
668 2275 865 2345 Columellas
892 2255 963 2341 loeo
984 2275 1027 2340 Π.
1050 2275 1078 2342 2.
1098 2275 1118 2343 9
1145 2295 1240 2361 quem
1261 2273 1366 2339 Plinio

207 2421 209 2429 ν
269 2390 421 2456 obversari
442 2399 580 2475 constat,
602 2393 734 2458 vocibus
753 2398 881 2457 declines
901 2397 1073 2458 imbricibus
1099 2391 1293 2477 desumptis,
1316 2392 1366 2456 oui

270 2513 392 2572 eotenus
415 2493 573 2585 assensus
590 2517 640 2574 est
660 2503 769 2591 Ianus,
791 2515 828 2576 ut
845 2510 981 2576 alterum
993 2530 1106 2575 vocem
1120 2510 1281 2573 omitteret
1298 2509 1366 2572 eius

270 2632 365 2690 autem
386 2645 485 2713 quam
506 2628 645 2692 s'ervavit
665 2631 840 2692 imbricibus
860 2628 895 2690 in
912 2628 1078 2693 codicibus
1092 2627 1228 2691 ultimas
1244 2625 1366 2690 litteras

207 2762 208 2765 ¹
270 2761 428 2827 superesse
451 2749 622 2827 statueret,
652 2745 769 2808 lacuna
789 2765 886 2832 quam
918 2745 1170 2833 deprehendisse
1192 2743 1254 2807 sibi
1279 2743 1366 2806 visus

207 2883 208 2887 ¹
269 2865 320 2941 ost,
339 2860 596 2946 ingeniosissimo
622 2861 668 2926 sic
691 2861 834 2947 expleta:
878 2883 930 2945 ,na
952 2867 1132 2951 procidam,
1162 2872 1215 2926 out
1235 2865 1365 2926 imbrici-

207 3017 209 3022 ,
270 2977 334 3039 tm!
373 2977 418 3042 At
439 2984 517 3043 ver‘o
538 2977 689 3043 imbrices
712 2998 772 3043 neo
786 2978 909 3045 Plinius
931 3000 1036 3066 neque
1057 2981 1085 3043 is
1110 3000 1205 3066 quem
1226 2976 1294 3041 fere
1316 2998 1365 3041 se·

270 3093 363 3181 quitur
383 3094 564 3161 Columella
595 3101 631 3159 ut
652 3094 748 3159 fossis
784 3094 979 3163 adderentur
1005 3099 1106 3185 suasit
1135 3096 1254 3181 quippe
1285 3112 1365 3179 quas

207 3252 208 3258 κ
271 3209 450 3287 ,imbricibus
473 3193 596 3297 supinis
615 3215 738 3277 similes‘
759 3234 833 3277 esse
853 3215 1059 3280 voluerint-¹

341 3326 496 3393 (lodicum
517 3328 657 3393 varietas
679 3327 760 3395 haec
781 3336 849 3395 eat:
872 3352 911 3395 ue
932 3335 1081 3412 pronitus
1102 3350 1132 3395 s.

875 3455 924 3514 ine
940 3452 1087 3531 procibur
1101 3446 1142 3510 D.
1219 3524 1222 3529 Ι

612 3647 615 3653 .
878 3572 910 3630 iu
933 3568 1091 3645 eprocibur
1112 3562 1190 3646 To,

274 3694 319 3739 eos
339 3678 465 3770 codices
488 3678 575 3761 dieo,
610 3699 691 3765 quos
725 3679 894 3768 eSilligii-
910 3683 995 3747 libro
1032 3687 1180 3745 accurate
1206 3680 1367 3757 novimus,

274 3801 381 3860 ceteros
403 3795 484 3860 nihil
504 3796 671 3874 moror*).
714 3796 757 3861 m
778 3806 930 3886 corrupta
950 3794 1078 3886 quidem
1101 3818 1174 3862 esse
1195 3798 1250 3861 illu
1271 3816 1365 3862 roca-

273 3908 336 3975 bula
356 3911 563 3978 manifestum
586 3921 646 3995 est,
680 3912 739 3977 sed
753 3923 835 3997 ¹ante
857 3937 953 4002 quam
977 3912 1168 3981 emendandi
1190 3913 1366 3999 periculum

207 4049 208 4054 ¹
274 4025 424 4113 iaciamus,
446 4030 550 4095 altera
570 4029 751 4116 corruptela
771 4051 852 4116 opus
876 4039 982 4097 estut
1003 4030 1183 4119 indagetur,
1216 4049 1311 4115 quam
1332 4028 1365 4093 iu

274 4161 339 4208 rece
358 4152 557 4226 procumbere
577 4147 794 4233 deprehendo.
836 4147 977 4214 Tantum
1000 4151 1084 4213 enirn
1106 4147 1201 4225 abest
1221 4154 1256 4211 ut
1277 4146 1366 4211 fossa

276 4264 469 4342 procumbere
492 4263 610 4328 debeat
629 4271 666 4328 ut
686 4285 728 4329 ne
744 4264 933 4349 procumbat
954 4266 1040 4331 omni
1067 4285 1164 4351 opera
1187 4264 1365 4330 cavendum

283 4414 430 4429 *ffi-

320 4502 350 4571 ξ)
369 4503 408 4557 De
426 4502 604 4558 chiffletiano
626 4504 651 4555 Θ
668 4506 758 4559 fateor
776 4522 818 4558 me
837 4504 972 4588 dubitsre.
1001 4474 1056 4572 Qui
1073 4472 1221 4559 lectionem
1241 4511 1270 4558 iu
1286 4520 1364 4572 epro-
1458 4466 1468 4483 α

367 4612 439 4662 uam
455 4626 520 4663 cum
539 4608 588 4662 Τό
608 4626 786 4664 communem
813 4612 915 4664 babere
934 4614 1014 4679 eique
1033 4627 1130 4665 vocem
1150 4614 1220 4663 dicia
1238 4614 1365 4682 praemit·

370 4723 425 4768 iare
444 4715 553 4782 dieitur,
572 4732 627 4785 qua
645 4717 712 4786 qnid
729 4716 867 4769 indicetur
883 4719 988 4770 nescio.

1205 4823 1227 4885 4
