3700 5625
258 734 570 824 ffltoppidm
592 730 688 821 Pipae
711 739 951 807 eomuemorai
973 730 1187 801 Ptolemaeus
1207 732 1246 799 ll:
1263 732 1296 803 u.
1316 734 1368 803 29.

258 856 305 922 De
323 854 405 919 his⁰
395 855 506 943 agitur
514 873 583 919 non
606 863 661 919 est
682 850 915 926 dubitandum:
935 870 999 921 aar
1010 862 1123 939 antem
1137 854 1297 941 oppidum
1313 875 1368 922 sa·

258 975 296 1039 tis
324 974 517 1051 obscurum,
546 972 640 1037 ouius
667 983 806 1057 praeter
833 971 1007 1039 itineraria
1036 992 1134 1037 nemo
1166 974 1367 1041 mentionem

258 1091 341 1171 iecit,
361 1090 472 1186 solum
491 1075 578 1182 inter
602 1110 721 1185 omues
734 1064 919 1177 Hispaniae
940 1093 1073 1175 urbes⁰
1063 1093 1195 1177 insigne
1217 1090 1367 1180 appella·

258 1222 357 1289 retur,
387 1208 479 1275 nulla
506 1208 661 1295 proiecto
688 1229 794 1275 causa
824 1209 896 1278 fuit
945 1210 1063 1313 Neque
1088 1208 1154 1275 alia
1182 1209 1255 1277 sive
1284 1210 1367 1277 urb's

257 1328 322 1392 sive
345 1312 496 1396 insula⁰
486 1350 519 1393 m
550 1348 594 1393 ea
621 1328 743 1429 vicinia
764 1330 830 1421 sita
853 1328 926 1394 fuit.
968 1329 1084 1417 ltaque
1108 1326 1227 1395 deletis
1249 1327 1367 1397 litteris

258 1468 335 1533 quae
353 1444 433 1513 nihil
457 1446 591 1512 omnino
613 1420 802 1538 significant
820 1448 953 1517 scribo:

357 1652 362 1659 ¹
415 1550 600 1686 Insulae
621 1564 731 1682 Cieue,
751 1549 928 1654 oppidani
916 1535 1079 1631 Abobrica
1098 1563 1156 1675 rel

324 1673 329 1685 ’
447 1795 450 1802 ,
571 1780 580 1800 .,
658 1720 794 1799 ιιι-
785 1721 991 1820 ιι,ιι
1236 1746 1426 1815 8⁸
1523 1732 1529 1759 2

302 1871 480 1950 Coloniae
495 1872 874 1973 ungusta-Emerita
905 1799 1010 1950 Anae
1037 1786 1153 1949 fluvio
1184 1870 1364 1972 adposita,

301 1989 582 2089 Metalllnelisis
606 2010 687 2083 rel.
898 2008 901 2014 ’
964 2014 970 2027 ’
1350 2017 1355 2031 “

333 2165 384 2228 lta
402 2184 489 2257 sane
511 2164 544 2229 iu
566 2166 718 2252 omnibus
728 2144 916 2251 codicibus
929 2123 1090 2265 seriptum
1111 2168 1223 2237 exstat
1243 2124 1363 2246 nomen

257 2282 362 2366 oppidi
386 2282 430 2345 ad
451 2269 593 2348 Anam
582 2306 616 2349 ιιι
636 2266 772 2371 planitie
795 2264 862 2363 siti,
884 2283 978 2389 qupd
997 2302 1100 2368 quum
1119 2278 1321 2389 aliquantum
1344 2302 1365 2347 a

257 2399 388 2466 metallis
416 2401 585 2467 montanis
612 2404 732 2481 distet,
762 2401 877 2467 abiis
904 2373 1110 2513 appellatum
1129 2420 1207 2466 esse
1236 2404 1363 2503 nequit.

256 2520 366 2605 Neque
388 2493 600 2609 vocabulum
612 2500 711 2588 reete
726 2521 904 2606 formatum
935 2531 1004 2586 este
1022 2541 1113 2616 nam
1136 2520 1364 2609 etiamsinon,

257 2639 334 2703 siout
356 2638 533 2705 Sardiniae
558 2621 743 2725 oppidum,
756 2618 896 2707 Metalla
918 2608 1112 2721 dicebatur,
1133 2619 1364 2733 terminatione

257 2756 359 2824 tamen
383 2756 495 2844 aliqua
526 2758 789 2872 designandum
797 2742 890 2851 erat,
918 2777 1005 2864 quae
1033 2777 1099 2837 non
1121 2760 1166 2825 ad
1186 2758 1364 2856 humanam

257 2897 311 2941 seu
328 2877 471 2942 ferinam
494 2879 688 2964 prosapiem
707 2853 904 2975 necessario
927 2878 1120 2965 pertineret.
1160 2879 1210 2944 lta
1225 2879 1364 2947 Metalli·

258 3016 325 3060 eom
345 2974 484 3076 ferrem,
506 2995 762 3093 Metellinum⁰
732 3021 797 3088 mx¹
808 2997 983 3064 serendum
996 3017 1074 3064 esse
1087 2998 1252 3065 existimo
1273 3000 1364 3066 ldem

257 3135 330 3180 vero
351 3106 542 3201 oppidum
534 3139 566 3182 m
590 3117 763 3187 ltinerario
777 3100 980 3205 Antoninip.
983 3091 1064 3180 416.
1085 3081 1290 3222 Metellinum
1309 3139 1366 3194 vo-

259 3248 345 3299 ratur
368 3236 464 3320 (item
486 3237 577 3319 apud
599 3238 723 3323 Geogr
744 3219 896 3306 Ravenn.
917 3235 974 3310 lV.
986 3236 1041 3304 44
1062 3226 1183 3326 leviter
1183 3209 1363 3328 corrupto

256 3353 381 3419 nomine
408 3351 582 3456 Metilion)
608 3352 718 3443 idque
735 3339 934 3466 rectissime.
985 3331 1166 3451 Caeeilium
1186 3355 1272 3420 enim
1292 3355 1365 3452 Me·

256 3464 359 3536 tellum
385 3466 480 3548 Pium
502 3484 624 3558 eontra
646 3475 830 3573 Sertorium
853 3485 889 3582 ιι
910 3473 1155 3580 Perpennam‘
1146 3495 1180 3539 m
1189 3444 1366 3582 Hispania

254 3590 368 3656 bellum
392 3591 580 3663 diuturnum
599 3578 762 3701 gessisse
775 3566 921 3702 ιιοιιιιιιι,
943 3612 1009 3700 quo
1030 3589 1122 3698 finito
1144 3573 1276 3678 colonia
1297 3595 1366 3672 for-

256 3721 340 3777 tasse
353 3711 422 3776 ab'
413 3704 498 3819 ipsis
521 3693 677 3780 militibus
698 3692 834 3778 eondita
855 3720 889 3801 et
911 3682 965 3776 ab
975 3711 1047 3776 eius
1066 3691 1200 3818 numine
1218 3693 1366 3800 apellata

256 3841 311 3909 est,
332 3822 400 3934 quo
422 3810 523 3896 modo
544 3830 708 3940 pleraque
730 3832 913 3942 Hispaniae
935 3810 1068 3917 oppida
1081 3839 1115 3896 et
1136 3808 1310 3901 ιιιιιιιιιιι
1331 3846 1366 3903 ιι

256 3943 425 4070 nominata
441 3959 529 4067 sunt
571 3947 793 4020 Sombeudum
815 3959 869 4014 est
889 3935 989 4060 igitur
1009 3949 1054 4016 M
1055 3948 1294 4022 atellanensis
1346 4018 1352 4046 ,¹

603 4050 1009 4200 uaesanae.
1184 4167 1188 4172 ,
1327 4065 1349 4172 ’,
1380 4081 1424 4149 8⁹

296 4149 529 4356 Hrybbia
475 4167 589 4331 dua
593 4206 669 4352 ιιι,
692 4245 869 4359 queniam
868 4255 987 4370 Tyrii
1009 4255 1217 4358 aborigines
1234 4281 1363 4340 eorum

299 4395 371 4471 orti
398 4397 445 4469 ab
468 4389 638 4500 Erythro
661 4394 755 4470 mari
780 4378 1006 4471 ¹serebantur.
1033 4393 1091 4469 In
1116 4393 1186 4472 hae
1215 4389 1365 4502 Geryo-

299 4524 577 4608 nes'luabitasse
590 4524 851 4634 ‘aquibusdam
875 4502 1170 4630 existimatum
1190 4533 1364 4642 Sunt¹qui

200 4694 201 4753 l
1101 4680 1106 4686 ’
1133 4681 1155 4746 5
