3700 5625
694 606 796 673 Lider
813 609 872 673 ΙΙ.
1302 612 1342 679 il
1404 608 1408 613 ’

245 819 260 861 ο
281 794 445 861 ooosnoti
467 792 562 859 Plinii
587 813 651 859 usa
680 814 748 864 nau
775 795 819 859 ad
847 792 1053 861 altitudinem
1078 796 1140 861 sed
1162 798 1206 865 nd
1228 807 1341 866 terrae

245 914 371 999 spatium
392 914 574 997 pertinent,
604 933 667 998 per
691 913 787 979 ouius
806 912 1014 979 latitudinem
1035 910 1188 997 altissimi
1209 928 1340 987 montes

245 1034 453 1118 porriguntur.
498 1030 550 1097 Cf.
564 1032 621 1098 lv.
633 1030 685 1110 91,
705 1019 786 1100 'Vllt
798 1031 851 1115 24,
868 1029 1009 1115 tx.106,
1030 1030 1152 1099 xxxi.
1166 1034 1218 1103 58.
1246 1038 1340 1113 Que-

244 1162 365 1237 propter
382 1150 498 1215 verbis
521 1151 760 1245 quinquaqinta
779 1150 908 1215 milium
930 1148 1014 1217 duas
1037 1170 1213 1219 mensuras
1235 1156 1339 1223 conti*

243 1272 300 1337 neri
317 1270 484 1348 arbitror,
509 1290 648 1354 quarum
677 1270 791 1354 priore
818 1270 892 1337 eius
918 1268 1067 1355 regionis
1091 1269 1265 1357 longitudo
1290 1275 1339 1341 iu.

244 1392 364 1469 dicetur,
386 1389 420 1452 in
444 1406 512 1472 que
533 1385 686 1453 altissimi
705 1399 835 1455 montes
856 1387 971 1453 inesse
986 1386 1154 1471 dicantar,
1175 1390 1338 1469 aVesulu

243 1508 342 1586 (elllls
353 1507 429 1583 117)
452 1506 715 1590 septentrionem
730 1526 853 1573 uersus
868 1506 969 1585 sitae,
987 1504 1094 1573 altera
1109 1510 1273 1577 verticum
1291 1511 1337 1579 al-

243 1628 327 1693 titudo
347 1624 565 1710 exprimatur.
585 1624 727 1693 Videtur
748 1626 848 1715 igitar
868 1625 972 1702 scribi
995 1636 1171 1711 oportere:

272 1768 324 1811 nee
342 1744 493 1819 breuiore
511 1744 811 1837 quinquaqinta
831 1743 910 1809 mil.
934 1742 972 1807 V
972 1743 1018 1812 M
1031 1766 1189 1830 passuum
1216 1746 1295 1833 rel,
1332 1790 1337 1804 .

243 1867 290 1931 uisi
307 1885 379 1931 eum
404 1862 563 1929 Broterio
584 1862 635 1927 rei
654 1862 789 1927 veritati
806 1862 1092 1929 accommodatius
1113 1862 1170 1931 hic
1192 1886 1337 1953 quaque,

245 1986 314 2069 quod
336 1998 445 2067 saepe
472 1980 613 2063 accidit,
645 1978 696 2045 11
718 1991 752 2047 et
780 2000 806 2051 u
833 1991 1022 2067 permutata
1051 2002 1131 2063 esse
1161 1994 1196 2049 et
1221 1984 1337 2070 legere

245 2103 317 2168 malis
336 2141 376 2153 -
398 2099 641 2197 quinquaqinta
670 2097 736 2165 mil.
756 2099 857 2185 ΠΜ
873 2120 1042 2187 passienus.
1077 2100 1196 2169 Obiter
1215 2122 1337 2181 moneo

244 2221 265 2306 i.
274 2222 332 2287 168.
353 2231 434 2306 post
460 2239 493 2284 v.
520 2216 716 2306 eremiqutus
736 2216 863 2287 leviore
882 2220 1152 2304 interpunctione
1178 2220 1335 2286 utendum

245 2361 312 2405 esse.

640 2454 711 2530 173
726 2490 762 2521 --
777 2454 839 2551 68,
855 2454 917 2532 68.
1352 2491 1395 2557 29

279 2612 373 2687 Idem
391 2608 608 2709 (oceanus)
631 2607 895 2684 interfusus
919 2608 1066 2685 intrat
1086 2633 1155 2709 per
1180 2616 1236 2684 lot
1260 2632 1335 2683 ma·

277 2746 323 2823 ria
348 2744 488 2847 quibus
517 2743 699 2840 Africam,
726 2740 940 2846 Europam,
980 2745 1108 2824 Asiam
1143 2742 1333 2850 dispescit,

279 2893 445 2984 quantum
472 2891 656 2956 torrarum
682 2883 869 2982 occupati

303 3018 429 3084 Vocem
460 3017 611 3080 intrate
640 3015 866 3101 dittographia
891 3019 1066 3103 proximae
1100 3020 1194 3086 vocis
1225 2988 1333 3085 ortum

244 3138 485 3223 putatSilligius,
509 3135 633 3220 qnippe
652 3153 730 3221 qua,
750 3146 788 3200 nt
806 3154 897 3201 nune
917 3136 1050 3223 quidem
1071 3137 1209 3222 legitur,
1231 3155 1332 3201 enun-

244 3255 362 3323 tiationis
391 3255 623 3339 concinnitas,
658 3273 802 3339 prorsus
830 3265 1012 3322 evertatur.
1066 3255 1193 3322 Verum
1220 3253 1331 3340 aliquo

244 3383 328 3440 nmen
347 3374 519 3443 vocabulo
543 3375 823 3440 mediterraneum
844 3393 953 3454 mare,
977 3375 1067 3462 quod
1088 3376 1117 3460 §.
1132 3373 1211 3454 205,
1232 3373 1286 3440 Ill.
1298 3373 1330 3453 4,

243 3489 280 3571 il,
289 3497 325 3560 V.
337 3496 384 3564 18.
406 3498 575 3563 internum
589 3490 787 3580 appellatur,
807 3492 851 3556 ab
872 3493 913 3558 iis
936 3512 1022 3580 quae
1041 3494 1106 3558 iam
1129 3514 1331 3562 commemo·

242 3623 297 3677 rata
312 3627 404 3694 sunt,
427 3614 586 3700 distingui
608 3621 751 3698 oportet.
794 3603 909 3687 Quare
932 3631 999 3676 unu
1019 3609 1130 3680 littera
1151 3611 1261 3680 deleta
1283 3612 1329 3679 le·

242 3747 302 3811 gere
321 3733 424 3798 malo:
644 3732 648 3737 ’

582 3784 808 3906 interfusus
834 3817 956 3878 intra.

303 3935 409 4010 Quam
428 3933 517 4000 enim
538 3932 670 3999 lanusl.
683 3933 704 3996 l.
718 3943 921 4000 structuram
941 3933 1129 4019 proposuit,
1147 3931 1330 4018 qu'averba

223 4044 226 4050 ’
242 4060 377 4137 quantum
399 4062 568 4118 terrarum
580 4060 716 4139 occupat
732 4053 782 4116 ad
802 4052 868 4118 duo
893 4051 971 4119 cola
991 4050 1246 4148 idemsiquidem
1266 4048 1328 4116 rel.

243 4175 267 4228 et
281 4169 358 4234 idem
368 4167 552 4258 interfusus
572 4191 681 4257 aeque
704 4173 903 4257 pertineant,
924 4171 1021 4238 nimis
1045 4179 1231 4237 contortam
1249 4188 1328 4239 esse

244 4286 372 4356 asinar,
413 4291 575 4386 Broxirna
597 4290 686 4355 idem
708 4300 801 4357 recte
822 4290 954 4356 videtur
976 4290 1181 4357 distinxisse.

466 4444 541 4520 180
563 4454 602 4520 et
622 4444 671 4520 οι
686 4412 799 4540 εὀο,
814 4444 863 4520 72
885 4452 924 4518 n
945 4415 1007 4538 τί,
1021 4443 1083 4519 no.
1131 4517 1135 4522 ,
1345 4451 1388 4518 oo

279 4587 498 4674 Eiusdem
521 4597 727 4680 Alexandri
753 4593 1132 4682 aanorcmlouides
1154 4601 1215 4700 rel.
