3700 5625
502 605 544 675 22
974 612 1073 678 Liber·
1092 612 1151 678 ΙΙ.
1273 633 1276 639 ·

589 793 692 863 (luins
719 798 855 864 tandem
877 798 1089 867 Alexandri?
1114 818 1236 883 nempe
1257 798 1389 885 Magni,
1419 798 1475 885 qui
1501 806 1620 865 tamen
1663 762 1664 779 ¹

503 915 539 981 iu
559 916 716 982 sensibus
739 918 892 1002 proxime
923 918 1203 1004 praecedentibus
1232 936 1299 983 non
1325 916 1530 995 nominatur,
1563 917 1621 983 ubi

505 1035 551 1100 de'
569 1035 716 1101 turribus
736 1036 948 1118 Hannibalis,
982 1038 1024 1103 de
1052 1035 1200 1123 speculis
1227 1032 1384 1100 Asiaticis
1413 1054 1526 1101 sermo
1557 1046 1620 1103 ast.

503 1154 568 1219 Hic
584 1155 726 1240 primum
746 1156 944 1223 traiectione
958 1153 1069 1241 paullo
1083 1155 1213 1242 quidem
1226 1154 1419 1233 audaciore,
1442 1154 1504 1221 sed
1522 1172 1618 1238 pror·

503 1291 564 1339 sus
584 1274 784 1339 necessaria
805 1276 964 1342 utendum
986 1276 1066 1357 erit,
1094 1296 1137 1340 ex
1159 1272 1334 1358 archetypi
1356 1270 1479 1357 forma,
1507 1282 1547 1339 ut
1570 1272 1621 1337 di·-
1663 1256 1664 1261 ἵ

505 1410 639 1477 cemus,
676 1391 887 1477 explicanda.
955 1394 1091 1459 Scilicet
1119 1412 1218 1481 quum
1247 1393 1278 1476 §.
1302 1388 1370 1457 180.
1399 1391 1440 1456 de
1469 1390 1620 1457 Alexan·
1663 1424 1664 1431 1

505 1508 566 1576 dro
588 1508 721 1576 loeutus
744 1512 787 1576 sit
812 1511 949 1590 Plinius,
969 1510 1147 1578 manifesto
1169 1529 1255 1597 quae
1275 1511 1352 1577 inde
1374 1530 1395 1575 e
1413 1530 1445 1575 v.
1458 1508 1620 1573 Eiusdem
1663 1536 1664 1543 ¹

502 1647 611 1716 usque
624 1629 874 1693 adcomitontes
891 1628 1047 1715 leguntur
1057 1631 1085 1712 §.
1098 1630 1167 1697 180.
1183 1650 1272 1716 pone
1282 1650 1316 1699 v.
1332 1629 1485 1693 exoriens
1504 1636 1620 1694 trans·
1663 1646 1664 1649 ’

502 1746 662 1831 ponenda
676 1757 764 1815 sunt.
795 1748 971 1821 Quod-ubi
993 1750 1118 1817 iactum
1134 1751 1208 1829 erit,
1230 1737 1415 1815 anoctium
1434 1754 1469 1811 et
1490 1746 1620 1813 dierum

502 1863 738 1952 inaequalitate
753 1867 797 1931 ad
810 1866 969 1935 horarum
982 1869 1185 1935 differentias
1197 1864 1303 1957 §.182
1318 1866 1493 1931 commode
1505 1880 1620 1933 traus-

503 1981 578 2051 itur.
604 1982 641 2049 ln
655 2004 722 2071 quo
735 1988 904 2053 enuntiato
916 1998 954 2055 ut
965 2000 1023 2055 ant
1040 1987 1193 2053 trecentis
1214 1994 1272 2051 aut
1293 1985 1463 2080 qainpenic
1484 1982 1620 2071 legatur

503 2102 665 2171 unedonis
686 2106 906 2175 concinnitas
920 2107 1083 2194 postulat.
1341 2116 1344 2121 '

443 2282 485 2349 n
920 2206 1227 2355 1m=mms

555 2390 869 2490 Septentrionem,
891 2393 943 2471 ibi
969 2396 1170 2500 (Patalis)
1196 2389 1411 2469 Alexandro
1436 2400 1617 2487 morante,

554 2524 766 2603 adnotatum
786 2530 906 2631 prima
929 2540 1068 2609 tautum
1097 2540 1202 2633 parta
1228 2527 1346 2605 noctis
1374 2526 1527 2627 adspici.

587 2677 638 2742 Ita
659 2678 745 2745 male
768 2681 866 2747 etiam
887 2684 978 2768 apud
1001 2682 1164 2769 Silligium
1187 2677 1442 2765 iuterpuugitur,
1463 2690 1564 2763 quum
1585 2700 1617 2743 v.

505 2790 551 2858 ibi
568 2800 766 2865 necessario
787 2799 831 2865 ad
854 2800 1047 2865 adimantum
1069 2801 1194 2889 crispini
1214 2796 1396 2866 reserenda
1415 2796 1467 2863 sit.

442 2975 486 3042 a
922 2955 1202 3050 1m=mm.

531 3196 533 3201 Ι
555 3103 724 3205 Namque
747 3114 785 3182 ct
802 3107 1007 3208 Aethiopas
1029 3107 1140 3185 vicini
1166 3105 1300 3184 sideris
1321 3126 1458 3204 vapore
1477 3103 1618 3182 torreri

552 3239 770 3342 adustisque
797 3243 936 3320 similes
957 3244 1075 3345 gigni,
1100 3246 1213 3320 barba
1238 3251 1277 3318 et
1299 3240 1430 3341 capillo
1459 3237 1617 3334 vibrato,

552 3389 706 3452 nonest
732 3377 903 3474 dubium,
933 3391 971 3454 et
996 3380 1152 3456 adversa
1178 3380 1284 3481 plaga
1310 3376 1436 3452 muudi
1460 3374 1618 3451 candida

418 3523 426 3538 ·
552 3518 662 3611 atqua
691 3513 834 3612 glaciali
867 3526 953 3590 cute
988 3539 1073 3604 csse
1098 3523 1247 3616 gentos,
1278 3513 1384 3591 flavis
1412 3511 1617 3612 promissas

553 3645 736 3742 crinibus3
769 3657 896 3724 truces
930 3676 1018 3727 vero
1054 3662 1092 3726 at
1119 3651 1211 3727 caeli
1233 3651 1395 3752 rigorem
1421 3650 1508 3741 has,
1535 3647 1618 3722 illas

552 3782 820 3859 mobilitates
850 3785 1063 3862 habentes
1090 3787 1174 3887 ipso
1202 3812 1352 3888 crurum
1380 3795 1618 3885 argument03

550 3919 623 3995 illis
643 3919 683 3998 in
696 3944 834 4019 supera
847 3945 976 3997 sucum
997 3924 1167 4000 revocari
1182 3933 1312 3999 natura
1325 3919 1485 4023 vaporis,
1505 3919 1564 3996 his
1578 3919 1618 3994 in

549 4054 689 4131 iulenrm
707 4065 833 4156 partes
849 4058 986 4158 depelli
1007 4059 1177 4134 humoris
1195 4059 1375 4154 decidn03
1400 4055 1461 4132 hic
1482 4079 1617 4156 graves

550 4191 670 4286 ieras,
704 4190 778 4269 illic
807 4193 928 4270 varias
956 4195 1100 4296 effigias
1123 4195 1329 4274 animalium
1356 4193 1554 4298 provenire
1579 4205 1619 4270 et

552 4309 712 4404 maxime
740 4327 883 4427 alitum,
910 4330 956 4406 iu
981 4334 1149 4408 multas
1176 4333 1354 4436 figuras
1387 4331 1511 4435 gigni
1538 4357 1616 4408 vo-

551 4464 723 4540 lucres.
1114 4465 1119 4470 '

584 4599 874 4686 Impeditissimum
895 4601 1007 4669 locum
1023 4603 1078 4670 ita
1090 4626 1110 4673 e
1122 4603 1294 4672 codicibus
1306 4604 1445 4693 scripsit
1453 4602 1618 4692 autigine,
