3700 5625
347 933 455 1004 ,536

477 729 537 796 tio
924 731 1016 796 liter
1037 730 1141 800 XXV.

899 931 946 1006 49
960 963 1005 996 =
1018 927 1167 1006 ibidem.

524 1069 716 1170 plurimum
752 1077 874 1146 autem
904 1070 1067 1148 nascitur
1101 1071 1135 1146 in
1164 1067 1256 1148 Oete
1292 1079 1414 1149 monte
1443 1079 1480 1148 et
1512 1095 1571 1172 op·

523 1203 650 1280 timum
667 1209 749 1280 'nno
777 1204 856 1279 eius
882 1200 968 1281 loco
997 1203 1095 1280 circa
1120 1201 1265 1303 Pyram.

556 1335 636 1401 Post
667 1357 695 1400 v.
730 1347 828 1399 monte
859 1337 978 1417 Ianus,
1021 1355 1179 1422 nusquam
1209 1335 1275 1400 Sill.
1314 1336 1572 1424 interpunctionis

352 1468 355 1474 ’
475 1453 602 1540 signum
623 1453 788 1543 apposnit,
816 1451 955 1518 debebat
975 1460 1048 1540 post
1070 1459 1209 1533 optimum
1232 1453 1397 1520 collocari:
1432 1459 1572 1538 μοναχοῦ

429 1656 433 1664 .
474 1572 513 1638 δὲ
529 1572 651 1661 φύεται
671 1577 727 1658 τῆς
745 1551 846 1656 Ὀἴτης
867 1576 944 1660 περὶ
966 1571 1024 1658 τὴν
1045 1573 1180 1660 Πυράν,
1209 1570 1452 1659 Theophrastus
1481 1573 1575 1658 inquit

473 1690 546 1756 hist.
568 1687 690 1775 pisus
714 1690 761 1756 10.
782 1689 812 1756 2.
855 1687 980 1753 Ibidem
1015 1695 1045 1752 ta
1081 1693 1188 1753 attilus
1211 1695 1335 1754 mutare
1363 1710 1428 1754 non
1469 1689 1574 1771 audeo,

441 1891 447 1899 θ
473 1813 600 1896 poterat
622 1806 707 1870 enim
729 1807 848 1871 Plinius
871 1804 959 1906 spui
979 1805 1236 1894 Theophrastum
1258 1827 1315 1893 pro
1338 1802 1376 1873 ἐν
1407 1808 1574 1894 ἀμπελῶσι

393 2067 576 2177 537’

390 3088 453 3157 638

391 3630 453 3700 539

473 1925 582 2012 legere
604 1920 642 1991 ἐν
663 1922 835 2008 ἀμπέλοις.

919 2089 967 2164 82
981 2091 1134 2178 =8,l2.

524 2221 674 2321 quidem
694 2217 860 2296 oaohlam
884 2226 1024 2296 vocant
1054 2225 1126 2313 (so.
1154 2217 1472 2319 buphthalmum).

558 2352 694 2432 (lodices
715 2351 807 2417 MSS.
831 2357 863 2415 et
883 2349 936 2416 hio
957 2358 990 2415 et
1011 2351 1044 2414 in
1065 2351 1171 2416 indice
1194 2357 1250 2416 ant
1263 2355 1397 2416 calchum
1420 2361 1477 2416 aut
1498 2357 1573 2417 chol·

474 2490 533 2535 can
554 2470 727 2557 appellant,
750 2468 790 2533 de
813 2489 876 2554 qua
897 2467 1074 2533 litterarum
1096 2470 1344 2555 transpositione
1367 2469 1573 2536 Schneiderns

474 2610 503 2653 r.
525 2588 762 2677 χρυσάνθεμον
783 2584 877 2650 docte
901 2583 1090 2670 disputavit:
1124 2591 1261 2651 ecclsiam
1282 2587 1398 2653 vitiose
1420 2587 1573 2652 Diosoori·

474 2705 532 2770 des
553 2702 611 2771 III.
637 2704 707 2772 146.
756 2705 860 2780 Quam
897 2703 1110 2788 corruptelam
1143 2723 1207 2766 non
1246 2709 1315 2767 erat
1350 2723 1408 2767 cur
1442 2703 1572 2768 editores

474 2824 656 2910 probarent.
1117 2800 1121 2815 ¹

801 3028 806 3039 ,
924 2959 1137 3048 83:8,4a

523 3090 801 3168 ischaemonem
828 3087 984 3165 Thracia
1009 3088 1159 3165 invenit.

555 3224 620 3287 Sor.
643 3226 836 3304 ischaemon,
857 3219 1038 3286 ischaemos
1060 3220 1145 3283 enim
1168 3226 1200 3284 et
1223 3219 1308 3307 apud
1337 3219 1496 3307 Theophr.
1517 3217 1568 3282 IX.

476 3340 513 3405 th
535 3345 567 3403 et
588 3338 622 3403 in
644 3338 750 3404 indice
773 3338 932 3424 (schemas.
956 3341 1091 3414 alanos)
1116 3336 1305 3423 appellatur.

523 3622 747 3700 Invenerunt
773 3631 809 3700 ct
836 3647 948 3702 canes
975 3647 1048 3723 qua
1071 3623 1258 3703 fastidium
1285 3624 1445 3701 vincunt.

557 3756 609 3820 Sic
625 3755 803 3821 rectissime
825 3763 899 3821 ante
914 3756 980 3823 Sill.
1002 3756 1180 3843 legebatur,
1203 3756 1257 3843 qui
1274 3776 1429 3841 praesens
1452 3762 1570 3840 tempus

473 3880 623 3939 lavemus!
643 3894 661 3939 e
683 3872 776 3939 codd.
796 3873 959 3959 plerisque
992 3872 1126 3959 scripsit.
1170 3874 1267 3939 Miror
1294 3893 1335 3937 ne
1362 3875 1475 3937 lanum
1509 3870 1570 3957 qni·

473 3989 546 4056 dem
567 3990 765 4055 intellexisse
785 3990 979 4076 perlectum,
1017 3990 1073 4054 nbi
1095 3988 1134 4054 de
1156 3989 1339 4054 inventione
1372 3992 1472 4055 semel
1493 3988 1571 4053 laeta

473 4128 577 4172 sermo
610 4114 673 4190 est,
712 4105 887 4172 desiderari
913 4106 1000 4193 qnod
1033 4108 1138 4193 ipsum
1165 4106 1199 4171 in
1233 4108 1353 4192 optimo
1381 4106 1496 4173 cod.a
1526 4124 1569 4169 re·
1653 4192 1654 4195 Ἴ

472 4224 603 4310 peritur.
657 4214 660 4222 ’
1653 4200 1654 4209 ¹

523 4341 653 4420 Notata
678 4347 736 4417 est
751 4339 847 4417 haec
862 4342 943 4418 eius
957 4341 1166 4442 malignitas
1180 4343 1217 4418 in
1236 4340 1307 4419 alia
1320 4340 1566 4419 herbamaior.

555 4473 657 4537 Recte
679 4493 707 4536 r.
732 4479 866 4537 macas
889 4493 985 4560 qnam
1008 4474 1191 4540 aPintiano
1215 4473 1314 4539 deleri
1335 4473 1417 4539 falso
1441 4472 1504 4539 Sill.
1525 4492 1567 4535 re·
1653 4476 1654 4483 ’

473 4589 556 4673 tulit,
577 4592 644 4655 lan.
667 4610 685 4654 a
707 4588 799 4655 codd.
820 4590 969 4672 restium,
990 4598 1056 4655 eiua
1076 4592 1109 4655 in
1132 4596 1261 4657 ciusdem
1277 4599 1402 4657 mutare
1424 4588 1566 4677 neglexit.

557 4706 670 4795 §.103
705 4699 818 4768 vereor
847 4726 888 4769 ne
908 4706 1005 4770 Plinii
1036 4707 1138 4795 ipsine
1166 4728 1254 4773 error
1281 4728 1344 4795 quo
1368 4714 1494 4773 Galliam
1518 4725 1567 4793 pro
