3700 5625
491 723 582 816 teo'
915 749 1006 810 ree
1025 747 1182 810 rrrrrr.

574 941 703 1010 Scribo:
725 948 968 1024 praenoscere

819 1089 1257 1239 *m=fflm'

494 1307 515 1362 ‘x
539 1251 615 1359 Nos
640 1276 672 1352 si
697 1273 811 1367 haec,
837 1282 876 1354 ct
899 1273 962 1356 ille
989 1274 1182 1354 credamus
1208 1272 1403 1367 nitelam,
1430 1276 1585 1352 extranei

539 1411 748 1486 interventu
787 1414 855 1484 aut
888 1409 920 1484 si
959 1408 1147 1486 dormiens
1185 1412 1375 1510 spectetur
1414 1406 1531 1484 trime
1569 1429 1587 1482 a

539 1541 681 1619 nutrice
707 1548 811 1618 terna
848 1542 999 1646 adspui,
1034 1561 1255 1641 quamquam
1293 1537 1378 1618 illos
1418 1538 1588 1640 religione

541 1681 678 1752 tutetur
704 1678 742 1752 et
759 1672 922 1753 fascinus
935 1675 1195 1777 imperatorum
1211 1695 1371 1775 quoque,
1389 1695 1465 1752 non
1478 1669 1588 1750 solun

540 1806 730 1884 insontium
755 1815 884 1889 custos
922 1809 985 1909 qui
1012 1806 1106 1885 deus
1131 1806 1227 1884 inter
1251 1824 1357 1884 sacra
1383 1803 1589 1884 Romanae

539 1939 750 2018 Vestalibus
788 1939 920 2019 colitur
953 1947 1004 2018 el‘
1026 1947 1153 2019 currus
1192 1938 1493 2040 triumphantium
1528 1939 1589 2018 sub

539 2070 597 2150 his
622 2072 794 2175 pendens
819 2070 985 2151 defendit
1009 2074 1177 2151 medidus
1202 2071 1382 2163 invidiae,
1421 2073 1589 2177 iubetque

539 2206 694 2284 eosdem
720 2208 906 2308 respicere
925 2205 1054 2285 similis
1080 2207 1265 2286 medicina
1289 2204 1452 2305 linguae,
1488 2210 1527 2282 ut
1550 2206 1603 2282 sit·

455 2317 464 2330 κ
540 2346 691 2417 exorata
716 2362 738 2416 e
763 2349 869 2442 tergo
897 2339 1058 2419 Fortuna
1082 2336 1226 2446 gloriae
1254 2333 1429 2416 carnifex.

572 2490 693 2555 Locum
714 2488 832 2554 muers
853 2496 1037 2576 coemptum
1071 2489 1169 2556 telem
1188 2489 1254 2559 stu.
1275 2487 1440 2576 exhibuit,
1469 2511 1488 2569 e
1509 2491 1590 2561 libris

490 2606 618 2673 ussit
635 2626 716 2697 quos
740 2626 818 2694 pree
839 2607 971 2694 reliquis
992 2607 1083 2696 sequi
1104 2627 1163 2694 par
1184 2613 1234 2690 est
1253 2606 1321 2674 RV
1343 2606 1405 2672 elio
1427 2607 1524 2682 modo
1544 2629 1590 2676 sa·
1655 2597 1656 2600 ¹

490 2711 632 2788 nendum
655 2742 727 2787 esse
749 2722 979 2793 demonstrent.
1021 2725 1071 2792 Ac
1091 2728 1228 2817 primurn
1249 2723 1378 2814 quidem
1406 2723 1590 2813 uncoque
1655 2799 1656 2808 ,

489 2862 555 2908 non
576 2862 631 2907 nos
652 2841 738 2929 quod
764 2844 798 2908 in
821 2842 841 2907 d
862 2844 1089 2929 interpolatum
1118 2864 1192 2908 esse
1213 2842 1338 2910 ridetur
1365 2842 1424 2908 sed
1446 2864 1499 2910 eor
1519 2844 1590 2930 legi·

463 2980 466 2986 ’
491 2967 552 3043 tur,
574 2960 777 3025 referendum
798 2960 886 3025 houd
898 2960 999 3029 dubie.
1009 2959 1054 3029 ed
1065 2961 1270 3043 Marcionem,
1293 2959 1445 3047 Opilium,
1469 2961 1590 3049 Selpen,

432 3114 438 3125 ·
489 3079 544 3165 qui
570 3079 656 3165 sputi
688 3078 864 3146 efficaciam
888 3078 1074 3147 celebrasse
1106 3098 1203 3149 seusu
1237 3076 1385 3165 proeimo
1429 3080 1587 3167 superiore
1655 3156 1656 3163 ἵ

490 3194 646 3262 dicuntur.
677 3195 791 3282 Neque
812 3203 920 3261 tamen
942 3196 1122 3262 Gronovius
1143 3196 1198 3283 qui
1219 3194 1415 3291 pronominis
1439 3196 1588 3283 rationem

488 3313 608 3406 optime
628 3312 801 3395 intellexit,
837 3331 889 3376 eos
915 3312 949 3377 in
982 3319 1026 3377 eie
1046 3320 1133 3383 reete
1164 3312 1291 3381 videtur
1318 3320 1472 3385 mutasse.
1515 3314 1589 3381 Nem

489 3431 678 3496 lacunosum
698 3432 805 3520 potius
827 3432 933 3495 locum
962 3451 1033 3498 esse
1054 3406 1250 3519 verbumque
1279 3451 1342 3527 quo
1371 3430 1520 3501 infinitivi
1548 3452 1591 3497 re·

490 3556 617 3634 gantur,
640 3548 814 3614 desiderari
836 3569 915 3614 uoce
934 3555 1003 3627 fieri
1023 3548 1200 3632 indicatur,
1228 3569 1314 3636 quae
1335 3548 1369 3613 in
1391 3548 1451 3615 Vd
1472 3550 1590 3637 legitur,

491 3687 511 3731 c
530 3666 562 3731 R
579 3666 681 3731 abest.
703 3665 807 3742 Quem
828 3667 977 3731 lacunam
997 3666 1030 3734 in
1053 3666 1164 3732 codice
1190 3666 1364 3753 archetypo
1386 3666 1484 3733 letius
1503 3670 1590 3740 etiam
1655 3734 1656 3745 ,

490 3786 634 3871 petuisse
655 3783 792 3874 primum
824 3784 995 3849 verisimile
1026 3784 1061 3849 fit
1083 3804 1162 3851 voce
1185 3796 1338 3870 mutuetur
1359 3783 1411 3850 vel
1437 3793 1474 3851 ut
1496 3787 1590 3851 estin

444 3961 447 3967 .
491 3899 535 3965 R1
556 3914 690 3987 utuntur,
712 3904 745 3967 in
766 3901 811 3967 R²
832 3912 994 3986 mutatum,
1009 3908 1076 3966 tum
1098 3902 1254 3967 vocabulo
1278 3913 1368 3997 terna
1386 3903 1474 3988 quod
1496 3905 1590 3971 solum

491 4028 605 4087 neutro
627 4042 705 4090 casu
726 4042 799 4086 cum
819 4020 918 4086 verbu
940 4019 1085 4113 proximo
1107 4019 1274 4086 commode
1295 4020 1511 4109 coniungitur.
1536 4021 1588 4089 He

456 4121 459 4131 ¹
491 4137 616 4207 accedit
645 4138 731 4224 quod
752 4139 831 4225 quic,
848 4138 889 4202 ab
918 4157 1028 4202 eorum
1056 4144 1180 4203 tentum
1206 4136 1370 4206 maleficiis
1398 4140 1516 4207 nutrici
1542 4159 1587 4207 oa-

490 4255 632 4321 veudum
654 4262 723 4320 erat
744 4256 797 4342 qui
819 4254 969 4341 malignis
990 4254 1127 4320 fortasse
1147 4256 1247 4353 oculis
1268 4255 1424 4324 infantem
1437 4256 1585 4326 dormien-

492 4381 558 4439 tem
580 4380 778 4460 spectarent,
816 4394 913 4460 quum
935 4380 1048 4461 contre
1074 4393 1095 4437 e
1121 4374 1308 4461 perentibus
1337 4348 1423 4438 nihil¹
1445 4374 1521 4441 meli
1540 4394 1585 4439 ex·

491 4500 621 4580 pectere
642 4492 768 4573 liceret,
795 4492 953 4577 particule
974 4501 1028 4556 out
1048 4490 1103 4555 ubi
1119 4480 1214 4558 'nuuc
1237 4490 1353 4577 legitur
1380 4489 1458 4557 ferri
1479 4493 1585 4579 nequit

492 4609 614 4686 Quodsi
634 4607 734 4695 igitur
752 4608 968 4693 reputaveris,
992 4606 1134 4693 singulos
1156 4606 1320 4694 archetypi
1342 4605 1463 4675 codicis
1485 4624 1584 4675 versus

492 4728 606 4792 litteris
628 4728 747 4792 vicenis
770 4728 909 4810 septenis
942 4734 997 4791 eut
1019 4729 1141 4791 octonis
1162 4727 1230 4791 iere
1254 4727 1454 4827 competisse,
1482 4728 1585 4815 quibus
