3700 5625
721 769 812 833 cuer
833 769 921 832 XVI.
1333 767 1373 836 13

276 971 365 1051 taego
386 966 463 1051 egit,
493 962 610 1030 deinde
630 984 701 1050 cap.
722 963 773 1032 16.
806 963 872 1028 ilici
900 963 1046 1053 (κρίνῳ)
1070 968 1206 1050 quatuor
1226 962 1298 1030 illts
1319 983 1372 1030 res

277 1083 386 1165 tribuit,
408 1103 519 1148 vorum
541 1090 710 1169 utramque
731 1081 878 1146 arborem
898 1081 1004 1146 ilicem
1027 1080 1212 1168 aquifoliam
1223 1088 1256 1146 et
1266 1082 1372 1160 ilicem

276 1200 447 1290 siluestrem
469 1220 490 1263 a
510 1199 682 1266 festinante
698 1201 853 1286 scriptore
864 1199 1017 1266 facillime
1028 1199 1203 1285 permutari
1217 1200 1371 1286 potuisse,

276 1317 388 1382 buxum
409 1323 443 1381 et
465 1317 570 1381 ilicem
592 1338 665 1382 cum
686 1318 874 1403 praesertim
895 1316 1110 1403 Theophrasti
1127 1317 1227 1382 verba
1239 1318 1371 1406 legeret,

275 1457 335 1500 non
361 1435 505 1522 potuisse
538 1434 690 1500 confundi
722 1443 865 1522 apparet.
918 1433 1034 1499 Restat
1063 1439 1099 1499 ut
1127 1435 1281 1521 originem
1301 1435 1371 1501 vitii

274 1553 464 1639 indagemus.
508 1552 600 1628 Quae
621 1553 694 1617 talis
715 1553 841 1618 ridetur
861 1551 978 1617 fuisse:
1006 1551 1045 1616 In
1066 1551 1240 1639 archttypo
1261 1549 1370 1618 codice

275 1672 358 1734 cuius
371 1671 519 1756 singulae
529 1667 634 1734 lineae
646 1669 760 1754 viginti
780 1671 927 1756 quinenis
942 1671 994 1736 vel
1011 1669 1154 1764 septenis
1165 1671 1279 1736 litteris
1294 1651 1369 1737 con-

274 1787 397 1852 stabant
416 1787 500 1852 haec
522 1787 727 1874 legebantur:

433 1905 539 1950 urmes
552 1907 685 1948 nouam
698 1907 778 1950 unae
792 1906 972 1950 monacos
1098 1939 1103 1948 .

431 1995 496 2036 nnn
508 1994 547 2033 nr
565 1993 663 2036 sanan
677 1994 757 2038 suun
770 1996 809 2036 nr
822 1975 947 2036 aaaron
961 1994 1044 2044 ouon

431 2083 536 2125 sununs

432 2171 559 2213 noanon
572 2170 693 2214 uoosnn
706 2189 733 2200 -
745 2189 772 2202 -

202 2270 203 2355 p
275 2256 362 2342 (nam
383 2255 424 2322 de
445 2256 604 2340 cusculio,
626 2256 776 2343 quoniam
798 2255 1057 2343 Theophrastum
1069 2255 1192 2322 Plinius
1213 2255 1369 2344 interpre-

202 2364 203 2373 ’
273 2380 369 2458 tatur,
395 2394 461 2440 non
488 2374 613 2440 videtum
633 2373 840 2460 cogitandum
861 2383 973 2459 esse),
994 2375 1082 2442 cocci
1104 2375 1189 2442 enim
1211 2373 1370 2444 Graecum

202 2503 203 2587 l
273 2511 383 2558 nomen
415 2492 614 2578 antiquarius
648 2493 863 2579 superscripto
900 2492 1017 2558 Latino
1060 2493 1217 2559 vocabulo
1260 2514 1369 2562 emen·

202 2626 203 2673 l
274 2610 344 2676 dare
364 2617 499 2676 conatus
521 2617 600 2678 erat
646 2609 738 2676 Unde
759 2610 881 2676 factum
902 2617 953 2676 est
973 2617 1009 2675 ut
1029 2611 1064 2676 in
1082 2613 1280 2698 superiorem
1300 2637 1369 2682 ver·

202 2744 203 2759 ¹
274 2749 338 2792 sum
362 2730 574 2817 reciperetur,
608 2729 710 2794 altere
736 2750 802 2794 vox
830 2728 996 2794 adfinem
1024 2729 1169 2796 ciusdem
1189 2733 1369 2802 retrudere·

203 2899 204 2904 1
273 2855 319 2913 tur
344 2856 376 2914 at
403 2848 447 2913 ad
473 2847 607 2915 verbum
633 2860 743 2914 cocart
762 2847 944 2915 referretur.
968 2886 1006 2905 -
1050 2848 1165 2936 Itaque
1191 2852 1289 2917 verbo
1311 2858 1368 2919 ta·

203 2949 204 2952 ¹
271 2974 334 3033 tent
351 2970 384 3033 in
403 2967 600 3053 singularem
621 2986 790 3033 numerum
816 2966 949 3033 reducto
970 2974 1073 3033 totum
1093 2969 1198 3035 locum
1224 2971 1270 3036 ita
1291 2974 1367 3039 sori-
1437 3012 1440 3017 -

270 3086 401 3153 bendum
423 3104 497 3151 esse
517 3104 652 3151 censeo:

203 3267 204 3280 ζ
304 3212 431 3287 plurim
456 3226 528 3271 acro
559 3214 741 3285 crataegon
776 3209 846 3270 nom
872 3215 902 3269 et
934 3216 1032 3269 semea
1064 3226 1150 3269 suam
1184 3217 1214 3270 et
1237 3228 1367 3288 manum

203 3337 204 3400 j
306 3331 385 3404 qaod
406 3344 531 3389 coccum
551 3336 660 3389 vocant
679 3322 736 3389 rel
759 3360 796 3371 --
819 3322 937 3389 habet
1023 3406 1028 3415 ἱ

203 3501 204 3508 ,
345 3443 459 3526 §.122
485 3443 649 3527 vulgatam
669 3442 841 3507 laetiorem
854 3447 925 3507 aliie
946 3440 1092 3527 praefero
1106 3442 1251 3508 codicum
1270 3445 1367 3531 scrip·

272 3564 353 3625 turae
375 3567 467 3626 alios.
544 3612 580 3625 ,.

681 3781 943 3871 mserum.
1036 3876 1039 3883 ¹
1387 3802 1450 3874 273

204 3953 205 3989 r

204 3908 207 3924 ‚
313 3946 554 4024 Ramosarum
579 3947 791 4042 (arborum)
836 3934 988 4025 cerasus
1015 3948 1123 4025 etiam
1149 3949 1186 4024 in
1214 3948 1276 4027 XL
1303 3974 1368 4063 cu7

204 4117 205 4182 3
316 4080 471 4158 bitonum
509 4078 633 4156 trabes
673 4079 819 4181 aequali
852 4104 920 4182 per
943 4089 1057 4162 totam
1085 4081 1197 4159 duum
1224 4084 1367 4163 cubito·
1452 4168 1457 4177 ,

313 4235 390 4289 rum
417 4212 662 4326 opossitudine
688 4214 877 4315 reperitur.
1354 4229 1356 4240 '

344 4381 601 4468 Theophrastum
628 4383 856 4467 interpretatus
878 4389 930 4448 est
950 4384 1082 4447 Plinius.
1102 4381 1165 4458 Qui
1186 4403 1284 4469 quum
1305 4354 1371 4451 ΙΠ.
1421 4394 1426 4402 ’

204 4508 210 4528 ·
275 4496 317 4562 13.
335 4502 365 4565 1.
385 4498 431 4577 εἷς
443 4504 604 4586 τέτταρας
616 4504 674 4571 καὶ
694 4500 801 4567 εἴκοσι
822 4500 938 4584 πήχεις
954 4520 1102 4566 cerasum
1120 4520 1304 4567 excrescere
1318 4501 1370 4567 di:

275 4616 357 4699 serit,
377 4637 528 4683 numerus
550 4622 684 4681 XXXX
701 4618 735 4681 in
752 4622 893 4683 XXIIII
910 4617 1088 4702 corrigatur
1108 4626 1244 4704 oportet.
1286 4623 1366 4686 Item

278 4729 302 4811 ἓ.
324 4733 385 4802 133.
406 4755 424 4800 e
447 4735 661 4822 Theophrasti
688 4736 759 4801 loco
780 4735 836 4800 IV.
859 4735 909 4803 16.
930 4736 961 4805 2.
982 4755 1040 4821 pro
1061 4742 1230 4819 quindecim
1251 4745 1367 4808 cattle·
1429 4710 1434 4717 ⁶
